2865 5613
1826 444 2141 504 -Η-

914 579 1218 640 consistat
1243 578 1499 638 donatio
1527 578 1593 637 in
1623 579 1926 655 pensione
1956 577 2072 638 'vel
2115 578 2145 638 i:

912 684 1202 746 haeredes
1229 691 1514 764 porrecta
1551 690 1674 758 est,
1716 691 1827 744 aut
1874 683 1929 744 si
1956 693 2147 745 certu]

915 793 1253 854 definitum
1271 839 1285 866 ‚
1317 791 1407 852 ita
1434 790 1697 869 quidem
1724 799 1823 864 ut,
1858 789 2150 868 singulis}

911 896 1238 976 legitimus
1276 897 1506 959 modus
1542 898 1880 959 excedatur
1943 896 2037 977 (L.
2080 895 2153 959 34

916 1003 1238 1064 nuationis
1273 1003 1652 1064 necessitate
1685 1009 1902 1065 tamen
1937 1003 2157 1082 excipit

919 1108 1041 1186 (Cf.
1074 1109 1146 1170 L.
1178 1109 1250 1170 L.
1293 1107 1371 1171 34
1413 1109 1521 1169 Pr.
1554 1107 1631 1171 36
1667 1110 1776 1171 Pr.
1809 1111 1839 1188 Ξ
1870 1109 1934 1186 1,
1964 1107 2035 1185 2,
2068 1109 2138 1171 C.

1001 1215 1058 1275 1⁰
1087 1214 1460 1294 Imperiales
1488 1215 1858 1279 donationes
1877 1263 1891 1291 ‚
1925 1217 1993 1277 id
2022 1223 2161 1279 esta

911 1339 1109 1385 uxore
1127 1370 1141 1398 ‚
1173 1321 1274 1384 vel
1304 1339 1341 1383 a
1367 1322 1614 1400 privato
1640 1321 1899 1384 homine
1926 1321 2054 1384 illis
2082 1323 2165 1384 fa(

994 1426 1058 1488 2⁰
1089 1427 1245 1501 Quae
1282 1446 1399 1507 pro
1428 1429 1822 1507 captivorum
1854 1429 2167 1508 redempti

993 1531 1058 1595 3⁰
1084 1535 1330 1596 Rerum
1355 1534 1691 1598 mobilium
1720 1536 1822 1598 vel
1851 1554 1988 1598 sese
2007 1554 2171 1598 mov«

913 1639 1034 1699 viri
1105 1637 1545 1723 gloriosissimi
1612 1641 1904 1719 magistri
1964 1640 2173 1703 militu

913 1743 1250 1806 militibus

995 1850 1056 1911 4⁰
1103 1851 1262 1924 Quae
1300 1852 1370 1911 111
1407 1852 1716 1914 domuum
1759 1851 1859 1914 vel
1901 1852 2173 1916 incendi«

913 1959 1324 2020 refectionem
1353 1958 1696 2020 donantur.

996 2064 1057 2125 5⁰
1097 2064 1326 2127 Futuri
1372 2066 1675 2144 temporis
1718 2084 2066 2128 usurarum
2112 2066 2169 2127 d‹

915 2171 1143 2232 sioncS.
1180 2169 1275 2250 (L.
1309 2168 1384 2232 23
1407 2219 1421 2247 ‚
1457 2171 1537 2232 D.
1577 2171 1642 2232 h.
1677 2171 1751 2250 t.)

990 2274 1053 2336 6⁰
1090 2276 1271 2338 Dotis
1315 2277 1775 2339 constituendae
1812 2294 2007 2338 causa
2053 2276 2165 2338 dor

805 2388 817 2389 ’
907 2384 1318 2444 rente'factae.
1354 2383 1451 2463 (L.
1484 2382 1552 2445 31
1599 2383 1708 2444 Pr.
1750 2382 1821 2445 C.
1853 2384 1925 2444 L.
1962 2382 2030 2459 5,
2061 2384 2134 2444 T.

989 2487 1053 2549 7⁰
1083 2488 1242 2562 Quae
1269 2489 1339 2549 in
1366 2489 1687 2567 piissimas
1712 2507 1937 2551 causas
1965 2506 2153 2568 proce

987 2594 1050 2657 8⁰
1077 2597 1467 2659 Donationes
1518 2597 1752 2676 quibus
1800 2596 2154 2676 promittitu

833 2693 840 2701 ’
908 2720 1166 2764 omnem
1206 2703 1405 2765 vitam
1422 2751 1437 2779 ‚
1492 2703 1840 2765 dummodo
1888 2716 2106 2764 annua
2150 2729 2155 2755 ι

907 2810 1173 2872 modum
1194 2809 1477 2887 excedat,
1500 2827 1708 2889 neque
1730 2809 1843 2871 fiat
1859 2809 2153 2872 haeredur

1751 3154 2038 3217 CAPUT
2078 3155 2143 3218 Π

1436 3367 1648 3435 Quid
1690 3360 1901 3432 dono
1944 3367 2126 3432 dari

993 3555 1237 3617 Donari
1264 3539 1531 3636 possunt
1556 3573 1660 3617 res
1689 3573 1933 3630 omneS,
1964 3572 2135 3634 quaec

907 3664 1158 3725 bentur.
1190 3661 1295 3724 «Si
1323 3663 1539 3738 etiam,
1574 3663 1898 3741 rescripsit
1918 3661 2133 3724 Gordiz

906 3784 1058 3828 nem
1084 3768 1156 3828 in
1183 3774 1242 3829 te
1270 3768 1771 3846 emancipatum,
1802 3776 1982 3847 pater
2017 3773 2130 3830 tuu

909 3874 1082 3951 tulit,
1131 3875 1371 3937 frustra
1423 3874 1742 3954 pretendit
1784 3875 1898 3953 qui
1954 3866 2125 3935 debit

910 3997 1293 4042 consensum
1322 3980 1535 4042 'fuisse
1577 3979 1874 4043 debitoris
1911 3996 2125 4041 necess

911 4087 1184 4149 actiones
1223 4104 1298 4149 eo
1325 4086 1587 4149 nomine
1634 4085 1750 4147 tihi
1785 4087 2122 4149 mandatas

910 4193 1170 4255 actionis
1192 4240 1207 4268 ‚
1276 4192 1467 4273 plena
1527 4193 1954 4256 intercedente
2012 4194 2121 4256 dor

913 4300 1254 4362 transferri.
1300 4301 1395 4375 (L.
1430 4299 1490 4375 2,
1526 4298 1582 4375 3,
1625 4292 1692 4361 C.
1726 4300 1791 4361 h.
1825 4296 1897 4380 t.)
