2865 5613
1449 420 1729 481 -5-

519 551 802 614 habere»
866 551 988 631 (L.·
1018 551 1121 627 17,
1174 552 1252 613 D.
1295 551 1360 612 h.
1421 551 1519 632 t.).
1577 537 1989 632 Acceptilatio
2042 555 2237 633 igitur
2283 553 2429 633 plus
2452 569 2637 634 quam

520 658 769 720 nudum
801 656 1360 737 pactum'valebat.
1397 657 1467 720 Si
1497 659 1852 721 donationis
1880 660 2083 740 gratia
2110 661 2451 723 novatione
2486 661 2639 722 facta

519 782 634 843 per
673 763 1234 855 acceptilationem
1259 765 1605 843 praestitisti
1639 764 2083 842 liberationem
2116 788 2129 827 ε
2176 767 2388 828 omnis
2422 767 2637 846 agendi

519 871 626 933 via
652 879 984 950 perempta
1011 878 1124 932 est.
1162 867 1272 950 (L.
1304 871 1364 934 2.
1397 871 1467 934 C.
1519 873 1591 934 L.
1624 871 1684 948 8,
1714 873 1787 934 Τ.
1821 870 1947 952 44.)

602 976 874 1056 Oblique
931 976 1190 1039 liberari
1245 985 1449 1058 potest
1493 979 1739 1042 debitor
1797 979 1936 1040 sine
1992 979 2415 1040 conventione
2445 1027 2459 1053 ‚
2532 994 2644 1038 nec

523 1089 746 1162 pacto:
791 1084 846 1144 si
875 1084 1148 1146 creditor
1181 1085 1250 1145 in
1272 1085 1382 1164 jus
1400 1133 1415 1160 ‚
1444 1085 1613 1153 bono
1640 1085 1889 1161 animo,
1920 1085 2270 1148 debitorem
2298 1090 2518 1161 vocat,
2558 1082 2643 1144 ita

519 1197 590 1250 ut
635 1191 770 1268 ipse
796 1188 974 1252 litem
1007 1190 1253 1252 amittat
1295 1189 1404 1269 (L.
1448 1190 1484 1252 5
1530 1190 1662 1267 ΞἹ,
1705 1190 1789 1252 D.
1832 1191 1905 1253 L.
1948 1188 2056 1266 24,
2101 1190 2174 1252 Τ.
2223 1189 2305 1272 1),
2350 1198 2461 1252 aut
2502 1190 2557 1252 si
2580 1189 2647 1250 in

511 1298 662 1376 jure
698 1297 1062 1372 confltetur,
1095 1315 1279 1359 reum
1295 1297 1463 1358 nihil
1490 1297 1614 1359 sibi
1642 1297 1875 1358 debere
1910 1295 2012 1374 (L.
2047 1295 2124 1360 29
2159 1299 2191 1374 Ξ
2224 1295 2246 1358 1
2276 1346 2291 1374 ,
2326 1297 2411 1360 D.
2444 1296 2509 1358 h.
2542 1296 2643 1376 t.)‚

525 1410 638 1493 aut
665 1404 858 1465 etiam
879 1404 933 1465 si
953 1403 1224 1484 alicujus
1243 1405 1497 1482 negotia
1526 1405 1794 1477 curavit,
1830 1423 1907 1466 ea
1933 1405 2179 1466 ratione
2195 1412 2270 1467 ut
2298 1422 2451 1466 eum
2475 1403 2647 1466 locu-

521 1509 742 1588 pletet,
783 1510 936 1587 quia
962 1510 1040 1570 de
1061 1511 1304 1573 actione
1324 1511 1725 1589 negotiorum
1752 1518 2073 1590 gestorum
2102 1511 2423 1574 contraria
2451 1509 2648 1571 disce-

525 1617 634 1678 dit.
671 1614 741 1677 Si
769 1614 959 1696 alicuj
968 1634 1043 1677 us
1071 1616 1354 1678 debitum
1383 1616 1649 1679 solvitur
1675 1634 1811 1680 com
1818 1615 2101 1695 pletandi
2128 1634 2343 1694 causa,
2366 1624 2650 1678 versatur

529 1739 682 1784 vera
723 1722 979 1784 donatio
1021 1721 1136 1802 (L.
1172 1720 1269 1784 12.
1311 1721 1381 1784 C.
1417 1722 1489 1783 L.
1523 1721 1597 1797 2,
1649 1721 1863 1803 Τ.19;
1912 1723 1983 1784 L.
2032 1721 2103 1784 17
2148 1721 2278 1800 37,
2324 1724 2398 1786 L.
2442 1721 2516 1784 50
2570 1723 2644 1783 D.

527 1827 597 1887 L.
631 1825 708 1888 24
730 1874 745 1902 ,
779 1827 853 1888 Τ.
894 1827 984 1906 1),
1029 1827 1280 1888 etiamsi
1318 1825 1524 1888 soluta
1550 1826 1849 1906 obligatio
1875 1826 2191 1889 naturalis
2229 1835 2417 1890 esset.
2464 1825 2569 1906 (L.
2614 1823 2649 1884 9

523 1932 761 2008 Ξ1,Ι).
807 1933 876 1994 L.
918 1933 1128 2008 14,T.
1163 1932 1248 2012 6.)
1732 1927 1749 1949 ²

1357 2249 1641 2316 CAPUT
1684 2250 1811 2315 III.

695 2498 710 2510 ·
741 2462 1042 2530 Quales
1078 2465 1618 2530 observandae
1659 2465 1831 2530 sint
1872 2465 2443 2534 conditiones?

603 2651 692 2711 Ut
727 2651 1059 2713 conventio
1083 2649 1404 2730 propriam
1435 2649 1791 2714 donationis
1816 2659 2116 2713 naturam
2143 2651 2400 2732 habeat,
2431 2669 2649 2716 neces-

525 2757 711 2819 sariae
767 2764 918 2820 sunt
964 2758 1355 2822 conditiones
1405 2759 1537 2821 sive
1585 2758 1829 2821 intimae
1878 2757 2010 2821 sive
2056 2766 2365 2839 externae,
2418 2760 2579 2823 sicut
2616 2774 2651 2819 e

528 2871 747 2926 nostra
766 2866 1126 2929 donationis
1156 2866 1525 2929 definitione
1544 2866 1773 2929 fluunt.
1808 2866 2151 2928 Interiores
2170 2865 2456 2944 primum
2474 2864 2650 2928 nobis

529 2972 989 3050 perspiciendae
1028 2981 1193 3035 sunt.

1316 3117 1378 3164 1.
1423 3116 1867 3166 Liberunum

607 3235 1103 3298 Concedendum
1131 3243 1228 3297 est
1254 3236 1665 3298 commodum
1688 3234 1889 3309 ultro,
1926 3232 2064 3297 sine
2092 3234 2228 3297 ulla
2246 3237 2425 3317 juris
2442 3250 2661 3299 neces·-

527 3341 709 3402 sitate
737 3348 800 3403 et
827 3342 1120 3419 gratuito.
1168 3341 1436 3419 Propter
1463 3340 1715 3403 nullam
1751 3340 1947 3403 aliam
1986 3357 2249 3403 causam
2286 3342 2427 3420 agit
2462 3344 2657 3405 dona-

524 3448 725 3508 tarius
768 3464 964 3527 quam
1000 3454 1070 3509 ut
1104 3446 1555 3509 liberalitatem
1582 3453 1645 3508 et
1683 3446 2194 3509 munificentiam
2230 3457 2551 3526 exerceat,
2599 3456 2659 3510 et

538 3553 773 3615 donare
801 3553 1055 3614 videtur
1071 3553 1240 3632 quod
1257 3552 1439 3615 nullo
1459 3554 1605 3633 jure
1624 3561 1885 3633 cogente
1914 3554 2299 3616 conceditur.
2338 3553 2437 3633 (L.
2484 3555 2507 3617 1
2545 3556 2650 3616 Pr.

541 3660 613 3721 L.
648 3657 727 3721 29
755 3657 866 3719 Pr.
903 3659 982 3722 D.
1015 3659 1082 3720 h.
1115 3660 1190 3739 t.)

1183 3826 1285 3879 11.
1331 3825 1617 3880 Animus
1658 3830 1998 3879 Donamu-

605 3950 888 4013 Donator
915 3951 1320 4013 donatarium
1357 3951 1594 4014 divitiis
1633 3952 1909 4031 augendi
1944 3952 2235 4017 animum
2266 3952 2504 4015 habere
2544 3954 2653 4015 de·-

524 4058 648 4119 bet.
669 4057 801 4119 Nec
818 4057 1141 4136 ignoranti,
1163 4075 1282 4121 nec
1300 4058 1539 4120 invitus
1559 4059 1901 4139 quisquam
1918 4058 2111 4120 donat
2132 4058 2227 4138 (L.
2257 4056 2351 4136 10,
2375 4057 2444 4121 C.
2459 4059 2525 4121 h.
2547 4059 2647 4139 t.).

533 4164 656 4225 Rei
694 4163 1006 4227 donatarii
1064 4163 1398 4227 familiaris
1444 4164 1854 4244 amplificatio
1890 4162 2246 4227 'efficienda
2286 4172 2380 4226 est
2421 4164 2657 4244 negotii

529 4269 672 4347 ipsa
696 4278 959 4347 natura,
1003 4289 1210 4350 neque
1239 4271 1601 4333 adventitiis
1632 4271 1880 4334 casibus
1918 4294 1931 4332 ε
1976 4271 2041 4333 id
2069 4271 2381 4349 significat
2407 4270 2657 4349 negotio
2740 4304 2751 4313 ·
