2865 5613
1475 422 1790 485 —22-

582 580 768 642 dente
799 581 1038 661 judicio
1079 582 1446 659 decesserit,
1513 584 1673 645 actio
1730 589 2008 645 transeat
2059 583 2152 644 ad
2218 569 2531 644 haeredes
2578 583 2725 661 ejus.

579 685 752 748 Certi
794 686 968 748 enim
1006 688 1176 766 juris
1205 696 1301 750 est
1335 697 1405 751 ut
1443 691 1719 752 actiones
1756 707 1900 769 quae
1936 696 2146 751 morte
2176 696 2475 768 pereunt
2501 737 2516 766 ,
2558 688 2614 749 si
2640 705 2732 748 se-

578 791 707 854 mel
739 793 816 854 ab
847 800 1054 854 actore
1080 812 1193 872 per
1230 793 1357 857 litis
1393 796 1914 858 contestationem
1945 796 2199 875 judicio
2243 794 2534 858 inclusae
2574 793 2731 866 sint,

580 908 900 978 perpetuae
928 899 1089 961 fiant
1116 907 1178 962 et
1203 900 1292 961 ita
1319 900 1683 962 haeredibus
1713 900 1961 963 dentur.
2545 917 2549 919 “

664 1003 834 1077 Quid
863 1014 1078 1068 autem
1105 1008 1161 1068 si
1196 1008 1463 1070 donator
1508 1008 1847 1070 revocandi
1887 1006 2303 1070 voluntatem
2347 1013 2539 1069 extra
2569 1004 2736 1085 311111-

582 1112 754 1174 0111111
772 1113 1298 1191 manifestaverit,
1332 1116 1442 1177 sed
1469 1123 1670 1177 morte
1687 1115 1867 1176 litem
1894 1114 2246 1176 contestari
2278 1131 2425 1175 non
2445 1109 2733 1191 potuerit.

581 1217 701 1280 Jus
729 1221 1069 1282 revocandi
1097 1221 1459 1284 haeredibus
1495 1222 1634 1301 ejus
1660 1239 1793 1283 non
1830 1222 1967 1282 dari
1996 1220 2185 1282 nobis
2216 1225 2529 1299 apparet.

664 1324 918 1396 Actioni
942 1326 1198 1405 quidem
1228 1329 1599 1390 renuntiare
1629 1327 1849 1406 nequit
1885 1322 2148 1389 donator
2165 1372 2181 1401 ,
2225 1326 2370 1388 nisi
2400 1332 2738 1405 postquam

584 1437 736 1490 nata
763 1429 902 1508 jam
938 1439 1035 1492 est
1056 1480 1070 1508 ,
1120 1449 1274 1492 113111
1305 1441 1560 1511 turpem
1589 1449 1851 1494 causam
1881 1432 2220 1494 continens
2252 1431 2390 1493 hoc
2429 1431 2560 1492 erit
2594 1445 2738 1507 pac-

590 1542 746 1596 tum.
793 1532 888 1613 (L.
923 1533 1000 1597 27
1025 1537 1055 1612 ἓ
1084 1534 1155 1612 4,
1190 1536 1268 1597 D.
1304 1536 1374 1597 L.
1408 1534 1470 1612 2,
1503 1537 1574 1597 Τ.
1614 1535 1733 1617 14.)

667 1641 1012 1703 Videamus
1049 1658 1224 1703 1111Πο
1262 1642 1340 1703 de
1368 1642 1681 1704 donatarii
1706 1641 2106 1704 haeredibus:
2153 1638 2737 1714 Quemadmodum

587 1747 944 1809 donationis
981 1748 1296 1810 revocatio
1337 1765 1469 1810 non
1510 1749 1809 1826 competit
1840 1748 2204 1811 haeredibus
2252 1747 2629 1820 donatoris,
2686 1742 2737 1802 si

585 1851 642 1914 is
671 1853 827 1914 dum
853 1852 1010 1914 vixit
1037 1851 1258 1929 tacuit,
1288 1853 1411 1927 ita,
1446 1852 1500 1913 si
1528 1854 1721 1914 tacuit
1747 1852 2074 1914 donatario
2101 1851 2256 1913 vivo
2276 1868 2412 1912 1100
2437 1847 2738 1911 tribuitur

586 1960 647 2022 ei
667 1960 973 2020 adversus
995 1958 1307 2021 donatarii
1326 1959 1641 2038 haeredes;
1666 1960 1776 2022 sed
1793 1958 1904 2020 lite
1923 1965 2283 2020 contestata
2304 1975 2469 2020 cum
2486 1955 2738 2018 vivente

586 2065 906 2127 donatoris
934 2065 1005 2127 in
1033 2064 1320 2127 haeredes
1347 2066 1487 2145 ejus
1524 2065 1687 2128 actio
1715 2070 2146 2152 perpetuatur.

665 2227 714 2302 Ξ.
748 2222 806 2286 3.
853 2226 933 2286 De
962 2225 1151 2302 hujus
1182 2224 1579 2286 Revocatio‘nis
1604 2226 1852 2303 Effectu.
1901 2258 1983 2268 —
2018 2223 2207 2285 Nunc
2244 2222 2621 2286 videndum
2648 2224 2737 2279 est

584 2329 742 2410 quid
768 2329 1058 2392 donatori
1087 2347 1126 2391 a
1153 2329 1479 2392 donatario
1505 2329 1974 2391 restituendum
2011 2327 2111 2389 sit.
2146 2326 2215 2389 Si
2245 2346 2399 2389 rem
2430 2328 2733 2389 donatam

585 2435 956 2498 donatarius
987 2453 1117 2497 non
1154 2434 1546 2510 alienaverit,
1592 2453 1694 2496 res
1732 2435 1869 2513 ipsa
1911 2434 2238 2496 reddenda
2288 2442 2425 2508 est;
2492 2431 2732 2493 aliena-

584 2541 788 2602 tiones
817 2546 1032 2601 autem
1060 2538 1265 2600 firmae
1294 2546 1701 2618 permanent,
1733 2538 1906 2618 quod
1932 2538 2032 2599 his
2061 2537 2273 2622 verbis
2306 2539 2731 2618 imperatores

583 2645 977 2709 rescribunt:

673 2776 703 2809 «
723 2751 1019 2815 Ceterum
1041 2768 1118 2814 ea
1136 2768 1280 2832 quae
1307 2761 1454 2817 ante
1468 2801 1482 2830 ,
1514 2752 1708 2815 etiam
1734 2758 1936 2814 matre
1955 2750 2216 2832 pacifica
2232 2797 2247 2827 ,
2274 2751 2431 2833 jure
2448 2746 2727 2829 perfecta

586 2865 822 2922 suntet
849 2867 996 2922 ante
1014 2858 1384 2921 inchoatum
1412 2866 1813 2939 coeptumque
1826 2858 2118 2939 jurgium
2144 2859 2444 2935 vendita,
2468 2858 2721 2928 donata,

583 2973 947 3047 permutata
977 2967 1046 3027 in
1084 2965 1295 3028 dotem
1341 2965 1520 3043 data,
1565 2966 1935 3046 caeterisque
1983 2965 2189 3027 causis
2234 2964 2529 3045 legitime
2570 2960 2725 3024 alie-

583 3078 761 3147 nata,
792 3069 1057 3131 minime
1096 3074 1527 3131 revocamus.»
1564 3070 1659 3150 (L.
1692 3068 1752 3145 7,
1784 3068 1852 3131 C.
1884 3070 1951 3130 h.
1983 3069 2056 3149 t.)

663 3176 783 3237 Rei
821 3175 1110 3238 alienatae
1162 3177 1646 3238 aestimationem
1691 3174 1897 3238 solum
1941 3176 2281 3239 restituere
2344 3174 2721 3241 donatarius

490 3281 494 3286 ’
586 3284 865 3362 adigitur
901 3286 955 3345 si
983 3285 1353 3364 locupletior
1379 3285 1583 3347 factus
1609 3291 1721 3345 est.

664 3394 793 3455 Res
841 3392 1131 3455 donatori
1176 3392 1529 3454 restituitur
1574 3408 1722 3453 cum
1768 3391 1946 3453 omni
1987 3408 2212 3468 causa,
2275 3391 2525 3453 scilicet
2572 3402 2719 3451 cum

583 3501 893 3563 fructibus
920 3507 1059 3579 post
1094 3499 1271 3561 litem
1298 3505 1715 3561 contestatam
1741 3499 2070 3578 perceptis.
2112 3500 2199 3560 At
2226 3516 2427 3560 onera
2450 3492 2716 3559 interim

581 3608 669 3668 rei
713 3607 961 3669 donatae
990 3606 1286 3685 imposita
1323 3621 1664 3683 agnoscere
1691 3606 1937 3683 cogitur
1967 3605 2232 3667 donator
2257 3622 2575 3669 revocans
2602 3601 2714 3664 do-

581 3714 926 3776 nationem.

621 3931 933 3983 suern)
969 3932 1072 3981 ΙΙ.
1087 3954 1171 3963 -
1186 3930 1286 3980 De
1312 3933 1727 3983 revocatione
1754 3933 2031 3992 propter
2067 3930 2320 3982 libero·
2348 3927 2671 3981 donatori

1246 4039 1532 4097 patrono
1559 4040 1790 4098 postea
1816 4040 2031 4089 nato·-

657 4185 816 4247 Haec
841 4186 1260 4249 revocationis
1297 4204 1492 4248 causa
1520 4186 1610 4247 sic
1648 4186 1718 4246 in
1746 4184 1883 4263 lege
1913 4183 1950 4246 8
1986 4186 2067 4247 De
2101 4188 2231 4247 Rev.
2275 4187 2421 4247 Don.
2469 4180 2705 4247 consti-

580 4293 795 4353 tuitur.
837 4317 865 4346 «
879 4293 947 4354 Si
973 4311 1262 4372 unquam
1289 4294 1533 4355 libertis
1562 4299 1867 4370 patronus
1898 4290 2059 4354 filios
2088 4310 2217 4355 non
2244 4292 2512 4367 hahens,
2537 4290 2704 4352 bona
