2865 5613
1781 391 2098 453 -17-

969 530 1265 610 Hujusce
1324 527 1499 591 modi
1539 542 1790 606 quoque
1830 527 2088 590 effectus
2125 543 2144 589 ε

834 639 1169 701 donatur.

940 741 1021 805 Si
1057 757 1296 803 nomen
1333 740 1689 802 donationis
1726 738 1906 802 titulo
1949 740 2138 802 datur

835 847 1172 929 persequi
1213 853 1451 926 potest,
1496 845 1599 908 vel
1633 853 1939 925 tanquam
1975 864 2153 925 proci:

838 964 1185 1035 tanquam
1229 952 1502 1015 creditor
1532 954 1604 1014 in
1641 971 1757 1015 suo
1793 953 2082 1029 nomine,
2128 970 2157 1034 1

842 1077 992 1140 per
1014 1057 1421 1120 novationem
1454 1055 1648 1119 debiti
1672 1054 2003 1119 translatio
2018 1054 2161 1120 'fact

942 1164 1046 1226 11.
1079 1164 1298 1238 Quum
1333 1163 1590 1226 donatio
1625 1160 1702 1224 ex
1733 1161 2105 1226 liberatione
2135 1171 2163 1226 c

848 1278 1059 1334 ratur
1115 1269 1323 1331 debito
1374 1269 1545 1348 quod
1598 1267 1961 1330 remittitur.
2026 1263 2166 1342 Quo

852 1374 1352 1456 acceptilatione
1396 1375 1547 1437 finis
1600 1374 1741 1451 fiat,
1793 1375 1926 1437 sive
1988 1360 2171 1438 debitl

853 1484 1076 1562 possit
1090 1481 1462 1561 petitionem
1477 1494 1621 1560 quae
1649 1480 1957 1543 adversus
1974 1480 2162 1543 illum

855 1590 967 1652 nit
994 1588 1055 1650 si
1092 1595 1301 1667 partes
1330 1584 1656 1651 donationi
1682 1587 1959 1649 formam
1994 1580 2174 1650 nudi*

861 1698 952 1758 D.
988 1696 1061 1757 h.
1093 1695 1166 1776 t.)

954 1801 1092 1862 III.
1152 1800 1368 1875 Quum
1420 1799 1697 1862 donatur
1744 1800 2166 1878 promittendo

868 1906 1102 1984 habet,
1145 1914 1226 1981 ut,
1259 1906 1559 1985 promissi
1612 1902 1905 1967 effectum
1958 1907 2184 1986 exigat.

869 2013 1134 2075 mittere
1160 2009 1324 2073 nulli
1349 2010 1602 2088 licebat,
1631 2010 1758 2072 nisi
1801 2029 1915 2090 per
1954 2011 2183 2094 stipula

875 2119 1188 2198 stipulatu
1214 2117 1565 2180 fruebatur.
1598 2114 1726 2178 Sed
1752 2135 1827 2179 ex
1844 2115 1972 2196 quo
1999 2117 2181 2179 Ju'sti]

878 2225 1136 2286 nudum
1166 2231 1424 2303 pactum
1460 2223 1693 2285 sufficit
1723 2217 1811 2284 ut'
1830 2223 2179 2287 donatariuz

877 2328 1227 2392 dictionem
1256 2328 1494 2408 exlege
1532 2329 1833 2392 obtineat.
1872 2328 1968 2409 (L.
2004 2311 2079 2391 35
2108 2322 2138 2407 Ξ
2166 2330 2177 2389 .¹

959 2435 1281 2498 Donatoris
1312 2436 1712 2513 obliqationeS.
1756 2470 1838 2480 —
1872 2435 2087 2509 Quum
2123 2437 2173 2498 d.

880 2562 1009 2624 quo
1034 2560 1168 2604 una
1193 2560 1340 2622 pars
1379 2542 1817 2604 tantummodo
1854 2535 2171 2621 obligatur

886 2648 1036 2710 dam
1062 2647 1362 2711 oneribus
1389 2647 1619 2728 subjici
1640 2655 1864 2726 potest.
1898 2647 2071 2709 Dum
2088 2650 2169 2711 ob
2205 2670 2209 2708 1

888 2757 1150 2820 donator
1175 2756 1491 2820 rationem
1508 2755 1689 2818 debet
1715 2773 1831 2835 pro
1860 2754 2003 2819 dolo
2029 2754 2167 2818 mal·

891 2882 1108 2925 omnes
1137 2881 1388 2944 semper
1413 2863 1517 2924 his
1555 2863 2039 2943 submittuntur)
2081 2881 2165 2925 se(

971 2968 1096 3031 Sed
1135 2970 1398 3031 donator
1439 2986 1574 3031 non
1618 2987 1656 3030 a
1694 2968 1789 3030 rei
1828 2961 2089 3056 donatae'
2121 2988 2162 3031 v
2204 2991 2210 3031 ;

896 3084 1162 3155 praestat.
1200 3076 1346 3137 «Ad
1366 3094 1468 3139 res
1489 3076 1782 3153 donataS,
1817 3076 1906 3137 ait
1932 3076 2161 3139 Modes·
2205 3096 2211 3136 :

899 3183 968 3242 T.
1004 3181 1088 3262 1),
1119 3180 1396 3244 edictum
1425 3182 1761 3244 aedilitium
1798 3180 2123 3244 curulium
2208 3214 2211 3232 ·

900 3294 990 3348 est
1003 3336 1030 3374 ⁹.
1044 3289 1281 3349 etenim
1299 3288 1454 3368 quid
1474 3306 1541 3351 se
1563 3288 2009 3350 restituturum
2029 3287 2153 3350 don
2204 3298 2211 3349 Ι

905 3394 1142 3455 nullum
1189 3397 1470 3474 pretium
1509 3395 1939 3457 interveniat?
1979 3392 2149 3467 Quid
2204 3412 2211 3455 ε

907 3502 1122 3563 donata
1147 3508 1240 3563 est
1258 3500 1486 3564 melior
1502 3503 1669 3564 facta
1688 3504 1809 3563 sit?
1835 3499 2151 3579 nunquid·
2204 3522 2211 3563 ;

911 3608 1066 3684 fecit,
1095 3609 1387 3685 interest,
1420 3610 1685 3672 donator
1712 3614 2149 3674 conveniatur}
2204 3629 2211 3689 ς

917 3722 1036 3774 est:
1065 3731 1181 3777 nec
1222 3732 1295 3777 eo
1335 3733 1487 3778 casu
1531 3714 1923 3780 liberalitatis
1961 3736 2094 3781 suae
2130 3736 2147 3779 c
2204 3748 2207 3769 ι

916 3819 1114 3899 Itaque
1141 3821 1195 3882 si
1221 3839 1350 3900 qua
1375 3840 1477 3884 res
1506 3822 1803 3900 donatur,
1836 3841 2093 3887 necesse
2131 3844 2145 3885 1
2204 3847 2211 3884 ι

919 3923 1044 4004 quae
1081 3927 1150 3987 in
1193 3926 1384 3988 rebus
1421 3927 1755 3990 venalibus
1799 3928 2016 3992 aediles
2052 3948 2143 4010 re]
2204 3952 2211 3988 ι

919 4030 1047 4094 dolo
1075 4032 1337 4096 donator
1378 4034 1657 4114 obligare
1700 4054 1767 4098 se
1809 4038 1993 4099 debet
2028 4045 2090 4100 et
2133 4058 2141 4097 ε
2205 4038 2211 4099 ἶ

922 4138 1255 4215 contulerit,
1287 4140 1533 4203 fraudis
1562 4142 1823 4205 consilio
1861 4151 2128 4207 revocet.

994 4245 1142 4307 Item
1170 4248 1248 4309 de
1275 4249 1583 4310 evictione
1602 4267 1728 4312 non
1758 4258 2014 4329 praestat
2033 4252 2137 4314 d01
2204 4262 2211 4311 ι
