2865 5613
1810 421 2129 482 ...21-

865 557 1028 618 fide
1049 572 1181 618 non
1197 553 1459 633 impleta
1478 602 1493 630 ,
1526 555 1586 616 ei
1602 556 1716 634 qui
1734 553 2129 617 liberalitatis

867 665 1047 743 ejus
1077 661 1453 724 condictitiae
1492 660 1757 724 actionis
1794 660 2146 740 persecutio

968 878 1005 952 ἓ
1037 872 1095 934 2.
1133 875 1246 936 Cu'i
1275 883 1560 951 competat
1587 875 1741 934 actio
1784 875 1863 935 ad
1901 876 2152 934 donatio

871 980 1097 1040 nibus
1117 978 1529 1040 donatoribus
1547 977 1696 1041 licet
1713 996 1789 1040 ex
1813 977 1943 1040 illis
1970 997 2157 1058 quast

875 1084 1199 1147 nationes
1224 1101 1521 1147 revocare
1536 1132 1550 1159 ‚
1584 1084 1639 1146 si
1664 1085 1899 1164 ingrati
1926 1085 2161 1148 existan

873 1190 1123 1252 ficium
1157 1188 1459 1253 collatum
1496 1199 1611 1252 est.
1657 1191 1864 1254 Mater
1900 1199 2116 1253 tamen
2150 1213 2165 1255 ι

874 1297 1184 1374 ingratos
1209 1295 1719 1358 animadvertere
1752 1315 1884 1360 non
1918 1305 2147 1377 potest:

984 1401 1051 1462 1⁰
1080 1401 1297 1475 Quum
1332 1401 1708 1466 lihidinibus
1739 1404 1879 1483 ipsa
1913 1405 2171 1484 inquina

885 1509 1054 1571 tatis
1083 1508 1468 1590 objectaeque
1494 1509 1814 1589 pudicitiae
1852 1498 1964 1571 est.
1999 1509 2091 1589 (L.
2126 1509 2165 1571 7

974 1613 1048 1676 2ο
1087 1613 1302 1687 Quum
1351 1615 1420 1675 in
1477 1614 1753 1677 alterum
1802 1615 2179 1679 matrimonia

883 1722 965 1782 in
1005 1720 1179 1782 filios
1212 1721 1408 1801 primi
1457 1721 1851 1783 matrimonii
1886 1720 2182 1784 collatam

887 1827 1194 1890 titudinis
1243 1844 1542 1918 revocare
1606 1828 1845 1911 nequit.
1896 1827 2061 1890 Cum
2103 1827 2185 1890 eti

889 1940 1157 1997 tantum
1183 1940 1632 1996 contraxerunt
1657 1933 1914 2014 nuptias
1931 1933 2096 1995 nihil
2121 1953 2185 1996 ex

893 2056 1042 2100 esse
1061 2038 1201 2101 vult
1217 2039 1258 2100 J
1259 2039 1575 2101 ustianuS.
1613 2039 1789 2101 «Nisi
1806 2048 2044 2116 tamen,
2067 2041 2183 2102 dixi

894 2146 1105 2207 vitam
1133 2145 1342 2224 ipsam
1368 2146 1681 2208 insidians
1699 2147 1887 2208 matri
1918 2155 2028 2208 aut
2063 2165 2179 2208 ma]

897 2252 1074 2314 circa
1103 2251 1471 2345 substantiae
1510 2252 1697 2315 totius
1726 2251 2115 2314 ablationem
2158 2271 2177 2314 ε

899 2357 1060 2437 quid
1086 2343 1501 2420 declaretur.»
1539 2357 1722 2437 (Nov.
1756 2357 1864 2437 22,
1896 2359 2017 2421 Tit.
2058 2359 2121 2436 1,
2151 2358 2175 2421 (

987 2464 1351 2528 Personalis
1389 2483 1463 2527 ac
1496 2473 1798 2544 perpetua
1834 2473 1930 2527 est
1964 2466 2125 2529 actio
2162 2485 2173 2525 ε

905 2570 1074 2632 dam.
1119 2572 1425 2634 Attamen
1457 2571 1699 2634 haeredi
1726 2571 2050 2634 donatoris
2086 2571 2171 2634 ve?

906 2678 1136 2739 natarii
1162 2696 1292 2739 non
1319 2679 1525 2740 datur.

987 2784 1127 2847 Hoc
1146 2785 1255 2864 jus
1294 2784 1484 2847 stabit
1519 2785 1589 2845 in
1630 2785 1799 2865 ipsos
1838 2791 2088 2847 tautum
2120 2802 2163 2864 q
2210 2805 2215 2845 ;

913 2898 1212 2954 caeterum
1247 2910 1454 2971 neque
1500 2891 1618 2953 filii
1663 2910 1916 2967 eorum,
1969 2910 2163 2971 neque

917 2998 1083 3059 oium
1107 2998 1535 3077 pertinebunt.
1583 2998 1806 3077 Neque
1849 2998 2022 3059 enim
2056 2997 2153 3058 fas
2210 3016 2215 3058 3

919 3104 1278 3167 donationes
1307 3121 1467 3183 quas
1494 3105 1549 3165 is
1578 3105 1690 3184 qui
1719 3105 2093 3181 donaverat,
2127 3104 2157 3164 i:

927 3211 1223 3272 tractavit.
1269 3210 1364 3289 (L.
1404 3209 1426 3269 1
1458 3258 1471 3285 ,
1504 3208 1563 3286 7,
1597 3210 1665 3273 C.
1706 3210 1774 3270 h.
1806 3211 1879 3290 t.)

999 3317 1210 3396 Usque
1253 3317 1333 3378 ad
1371 3319 1611 3395 primas
1649 3332 1951 3397 personas
1994 3322 2153 3377 tantt
2210 3336 2215 3374 1

927 3420 1335 3496 Justinianus‚
1370 3420 1551 3483 nulla
1575 3420 1834 3483 licentia
1863 3420 2151 3481 concede]
2210 3420 2215 3477 l

927 3524 1036 3587 bus
1060 3526 1423 3608 hujusmodi
1462 3528 2012 3607 querimoniarum
2041 3527 2147 3606 pri:
2210 3549 2215 3581 ι

931 3633 1056 3694 nim
1079 3634 1131 3694 si
1153 3635 1289 3713 ipse
1316 3635 1428 3713 qui
1462 3635 1583 3697 hoo
1617 3652 1842 3714 passus
1872 3640 1996 3710 est,
2028 3642 2145 3695 tac]

934 3747 1066 3799 neat
1103 3757 1370 3819 semper,
1416 3727 1625 3819 neque
1666 3760 1704 3802 a
1745 3740 2109 3819 posteritate
2210 3759 2215 3795 ι

937 3844 1029 3905 vel
1058 3848 1354 3909 adversus
1396 3865 1547 3909 eum
1592 3847 1703 3926 qui
1746 3847 2033 3924 ingratus
2089 3863 2141 3905 es
2210 3862 2215 3905 ε

942 3951 1061 4033 ejus
1087 3971 1498 4017 successores,
1534 3954 1630 4033 (L.
1670 3950 1762 4013 10.
1797 3950 1865 4013 C.
1897 3951 1963 4013 h.
2002 3951 2069 4033 t.)

1013 4061 1299 4124 Donatori
1318 4059 1437 4122 soli
1452 4068 1515 4122 et
1530 4077 1660 4122 non
1679 4049 1819 4138 eJ‘us
1837 4056 2135 4121 haeredih1

948 4167 1198 4228 dubitare
1228 4186 1352 4228 1101]
1384 4173 1621 4242 oportet
1651 4166 1835 4242 quin,
1871 4166 1921 4224 si
1953 4166 2133 4226 donat
2210 4186 2215 4198 ·

950 4272 1346 4348 donatarium,
1395 4280 1455 4334 ct
1499 4272 1675 4332 litem
1717 4292 1861 4332 cum
1911 4292 1981 4332 co
2027 4274 2105 4330 sit
2210 4298 2215 4323 2
