2865 5613
1453 424 1774 486 -16—

550 555 815 619 donator
857 556 1072 618 utrubi
1117 556 1527 618 interdictum
1572 557 1960 620 intendebat.
2012 559 2180 620 Nam
2218 557 2337 621 hoe
2378 558 2448 618 in
2482 558 2663 620 inter-

550 663 746 740 dict0,
778 661 1127 741 plurimum
1163 660 1441 741 pollebat
1477 663 1533 724 is
1562 662 1676 742 qui
1704 681 1871 724 anno
1902 672 2048 726 ante
2078 682 2337 726 causam
2366 681 2508 726 rem
2534 664 2667 726 diu-

547 767 671 830 tius
716 768 1082 846 possederat
1128 765 1208 846 (V
1212 775 1294 828 at.
1347 766 1535 846 Frag.
1582 770 1616 846 ἓ
1660 765 1824 848 311).
1876 769 1974 830 Ita
2017 769 2073 829 is
2120 769 2225 832 cui
2271 780 2372 830 res
2420 767 2669 831 mobilis

547 871 780 933 donata
806 877 970 946 erat,
999 869 1182 931 illam
1209 888 1318 932 sex
1345 888 1459 949 per
1484 888 1740 933 menses
1769 870 1995 934 saltem
2020 879 2237 934 tenere
2266 871 2538 936 debebat
2554 921 2569 950 ‚
2608 881 2671 934 ut

543 976 818 1038 invictus
845 976 1142 1039 omnibus
1171 975 1493 1038 donatoris
1520 975 2030 1054 aggressionibus
2056 976 2399 1039 resisteret.

626 1079 879 1144 Pariter
925 1087 1100 1143 tutus
1161 1081 1463 1143 dominus
1510 1081 1702 1144 fiebat
1753 1082 2121 1144 donatarius
2140 1130 2154 1158 ‚
2222 1100 2427 1162 quum
2470 1083 2670 1146 domi-

542 1187 728 1250 nium
773 1205 848 1250 ex
896 1187 1044 1268 jure
1094 1181 1445 1260 Quiritium
1509 1186 1975 1266 adquisivisset.
2030 1189 2157 1250 Res
2198 1189 2485 1267 mancipi
2536 1204 2672 1268 quae

541 1301 693 1356 sunt
718 1301 1044 1372 usucaptae
1066 1293 1322 1358 avocari
1358 1309 1491 1354 non
1518 1300 1804 1372 possunt.
1860 1292 2025 1373 (Vat.
2060 1294 2247 1372 Fra-g.
2288 1293 2325 1370 ἕ
2356 1292 2531 1374 293.)

621 1400 892 1462 Vetabat
918 1415 1170 1478 quoque
1187 1397 1290 1460 lex
1315 1415 1399 1460 ne
1417 1398 1715 1478 quaedam
1741 1397 2151 1462 liberalitates
2180 1415 2333 1478 erga
2358 1399 2672 1478 quasdam

537 1506 900 1584 designatas
955 1522 1257 1584 personas
1318 1505 1546 1567 fierent
1577 1525 1591 1565 :
1652 1491 1773 1567 sio‘
1804 1506 2286 1586 provinciarum
2360 1505 2672 1586 praesides

536 1611 701 1673 nihil
741 1627 781 1671 a
819 1608 1162 1690 provinciae
1199 1611 1424 1674 incolis
1474 1607 1761 1692 accipere
1816 1617 2131 1691 poterant.
2184 1611 2491 1684 Attamen
2537 1609 2670 1689 lege

534 1718 576 1781 J
578 1717 716 1780 ulia
768 1717 846 1780 de
902 1717 1431 1798 Repetu'ndarum
1484 1716 1611 1779 illis
1665 1717 1811 1780 lioet
1862 1718 2237 1781 donationes
2292 1716 2475 1780 adire
2524 1731 2667 1797 quae

535 1821 756 1884 decem
803 1820 1007 1884 millia
1061 1821 1497 1884 sestertiorum
1536 1838 1669 1884 non
1709 1821 2056 1900 excedunt,
2102 1821 2215 1884 sed
2250 1821 2409 1900 legis
2450 1822 2665 1903 prohi-

532 1926 708 2001 bitio,
739 1943 986 2005 omneS,
1015 1928 1128 2008 qui
1146 1927 1354 1990 officio
1373 1927 1653 2008 quolibet
1676 1927 2129 2008 fungebantur,
2159 1927 2657 2007 comprehendit.

531 2032 842 2094 Advocati
877 2032 1002 2112 ipsi
1040 2033 1206 2094 nihil
1243 2051 1282 2096 a
1316 2033 1665 2112 patrocinio
1702 2032 1989 2114 accipere
2024 2039 2348 2113 poterant3
2394 2030 2510 2096 sed
2530 2033 2664 2113 Jam

499 2137 803 2202 ·CIaudio
827 2146 891 2201 et
916 2139 1171 2202 Nerone
1198 2123 1689 2219 imperantibus,
1720 2141 1915 2222 hujus
1934 2139 2092 2220 legis
2120 2137 2303 2201 nulla
2333 2156 2495 2202 eura
2520 2140 2653 2202 fuit.

610 2245 890 2309 Tametsi
917 2244 1015 2310 lex
1052 2245 1274 2308 Cinoia
1315 2263 1653 2326 nunquam
1695 2246 1996 2326 abrogata
2032 2245 2225 2308 fuerit
2261 2261 2301 2308 a
2342 2244 2657 2309 Constan-

531 2350 651 2411 tini
675 2349 1092 2413 nihilominus
1119 2366 1316 2429 regno
1341 2366 1469 2412 usu
1496 2349 1821 2413 absolevit.
1894 2391 1903 2404 .

1353 2640 1640 2704 CAPUT
1669 2641 1821 2703 VII.

1004 2821 1487 2894 Donationis
1518 2828 1654 2893 vis
1680 2844 1777 2892 ac
1808 2822 2171 2892 effeetus.

603 2988 744 3052 Hoc
788 2987 860 3051 in
918 2988 1124 3069 capite
1181 2989 1374 3051 etiam
1423 2987 1880 3069 pensitandum
1924 2995 2021 3051 est
2064 2987 2218 3067 quid
2257 2987 2493 3051 efficiat
2541 2989 2647 3051 do-

520 3096 717 3159 natiO.
847 3146 851 3149 .

600 3202 655 3263 I.
688 3201 960 3265 Donatio
987 3202 1153 3264 facta
1179 3200 1391 3262 dando
1416 3199 1717 3263 transfert
1748 3197 1876 3274 illi,
1908 3198 2013 3260 oui
2038 3198 2347 3261 donatum
2374 3207 2499 3278 est,
2539 3202 2645 3282 J'us

517 3308 686 3389 quod
714 3308 920 3371 datur.
955 3306 1060 3369 Sic
1078 3307 1172 3369 rei
1199 3307 1363 3369 datae
1391 3305 1643 3368 traditio
1677 3306 1875 3386 hujus
1913 3307 2273 3369 dominium
2308 3307 2643 3371 donatario

516 3415 833 3491 concedit,
861 3414 922 3476 si
958 3404 1224 3476 donator
1246 3412 1380 3491 ipse
1401 3411 1701 3475 dominus
1730 3420 1886 3483 erat.
1912 3412 1981 3475 Si
2006 3392 2223 3475 eontra
2237 3458 2252 3489 ,
2276 3412 2645 3475 donatarius

514 3538 656 3585 rem
689 3538 804 3599 pro
838 3521 1070 3583 donato
1115 3536 1466 3598 usucapere
1494 3525 1731 3597 potest,
1786 3536 1988 3597 quum
2022 3518 2104 3580 ad
2138 3518 2643 3597 usucapiendum

513 3626 890 3690 necessariae
935 3626 1330 3689 conditiones
1371 3626 1869 3706 conjunguntur.
1932 3626 2061 3687 Pro
2107 3625 2343 3687 donato
2382 3625 2439 3686 is
2482 3642 2643 3689 usu-

513 3734 700 3813 capit,
722 3732 826 3794 cui
852 3732 1207 3795 donationis
1230 3749 1344 3793 cau
1353 3746 1424 3805 sa
1448 3749 1550 3793 res
1572 3730 1809 3794 tradita
1832 3738 1949 3808 est,
1972 3748 2091 3793 neo
2110 3730 2342 3793 suffieit
2366 3728 2638 3809 opinari,

512 3840 714 3901 sedet
742 3839 1052 3903 donatum
1069 3855 1208 3899 esse
1225 3843 1471 3917 oportet
1499 3835 1595 3915 (L.
1650 3836 1673 3898 1
1723 3837 1831 3899 Pr.
1867 3837 1951 3898 D.
1984 3835 2056 3897 L.
2100 3834 2207 3913 41,
2259 3836 2333 3897 T.
2364 3834 2449 3914 6).
2490 3835 2640 3898 Sive

511 3946 706 4009 fuerit
721 3946 1043 4021 dominuS,
1071 3944 1185 4025 qui
1211 3944 1330 4007 tibi
1344 3943 1486 4006 loca
1506 3943 1583 4006 de
1602 3942 1835 4023 quibus
1852 3940 2311 4021 supplicavisti,
2342 3942 2635 4005 donavit:

511 4054 646 4115 siv-e
687 4069 726 4113 a
761 4069 896 4113 non
935 4051 1194 4114 domino
1227 4051 1397 4113 bona
1431 4050 1555 4112 fide
1593 4049 1827 4111 donata
1863 4048 2226 4128 suscepisti3
2258 4048 2496 4111 auferri
2524 4048 2639 4111 tibi

407 4227 411 4232 ,
508 4159 680 4237 quod
710 4159 857 4238 jure
886 4159 1232 4238 quaesitum
1266 4163 1392 4235 est,
1423 4174 1554 4219 non
1590 4162 1809 4235 potest.
1856 4154 1950 4235 (L.
1999 4154 2019 4216 1
2050 4203 2065 4233 ‚
2098 4154 2167 4218 C.
2206 4155 2278 4217 L.
2312 4154 2381 4231 7,
2413 4154 2487 4219 Τ.
2520 4150 2631 4225 273

421 4307 424 4309 ψ
509 4264 582 4325 L.
620 4262 724 4343 13,
757 4265 838 4327 D.
872 4264 942 4326 L.
977 4262 1084 4342 39,
1113 4265 1186 4326 T.
1214 4262 1308 4344 6.)
