2865 5613
1796 419 2073 482 ...5-

868 554 1237 634 conjunctas
1258 569 1563 632 personas
1590 550 2099 633 quibuscumque
2120 554 2313 615 verbis

867 661 1159 726 voluntas
1188 677 1507 740 expressa.

941 767 1348 830 Justinianus
1385 773 1726 845 praecepta,
1766 781 1910 846 quae
1947 765 2015 826 in
2052 766 2305 829 casibus

865 876 1149 939 Caesares
1193 893 1352 956 quos
1391 892 1587 954 supra
1631 873 1939 965 diximus,
1988 873 2069 934 ad
2100 873 2313 935 omnia

864 979 1156 1061 protulit,
1197 997 1340 1060 quae
1376 980 1527 1059 jure
1563 979 1736 1046 ciuli
1778 977 2121 1042 valuerunt
2164 986 2228 1041 et
2270 997 2312 1058 p

865 1093 1038 1148 sunt.
1088 1085 1549 1162 Pei-ficiuntur,
1600 1085 1757 1146 dixit
1784 1084 2009 1165 (Inst.,
2053 1083 2151 1162 32
2192 1085 2257 1148 h.
2293 1096 2313 1148 t

871 1191 1138 1255 donator
1163 1187 1554 1254 voluntatem
1583 1209 1767 1253 suam
1795 1191 2046 1270 scriptis
2076 1194 2189 1254 aut
2225 1193 2313 1253 sin

865 1298 1120 1375 tavent,
1171 1306 1236 1361 et
1262 1299 1344 1360 ad
1389 1297 1755 1378 exemplum
1789 1299 2173 1361 venditionis
2209 1315 2313 1362 nos

864 1406 1058 1468 etiam
1084 1405 1153 1466 in
1180 1422 1248 1466 se
1285 1403 1522 1466 habere
1550 1403 1994 1466 necessitatem
2022 1404 2313 1466 tradition

857 1511 913 1573 si
937 1527 1070 1574 non
1096 1510 1434 1574 tradantur
1449 1557 1464 1586 ‚
1505 1509 1785 1574 habeant
1816 1509 2261 1590 plenissimum
2296 1529 2313 1572 ε

866 1624 928 1678 et
954 1616 1310 1679 traditionis
1347 1617 1691 1679 necessitas
1728 1616 2043 1678 incumbit
2076 1618 2309 1680 donato

862 1724 1110 1786 nationi
1139 1738 1283 1784 non
1307 1724 1550 1786 inserta
1586 1724 1695 1800 sit,
1740 1720 2161 1786 nihilominus
2188 1741 2263 1785 ex
2290 1723 2315 1784 l

862 1835 1061 1892 tatem
1095 1827 1155 1892 ei
1189 1830 1435 1909 imponi
1461 1829 1658 1891 etiam
1684 1830 1933 1892 tradere
1957 1830 2079 1893 hoc
2101 1831 2272 1911 quod
2302 1849 2313 1889 ι

863 1946 934 2000 ut
957 1955 1090 2000 non
1117 1955 1193 1998 ex
1219 1936 1341 1999 hoc
1358 1937 1609 2000 inutilis
1637 1937 1717 1998 sit
1742 1937 2025 2014 donati0‚
2055 1938 2225 2015 quod
2251 1955 2313 1998 re

864 2043 962 2125 (L.
994 2041 1074 2106 35
1101 2047 1132 2122 ἒ
1159 2041 1218 2119 5,
1250 2043 1320 2105 C.
1353 2043 1419 2104 h.
1445 2043 1517 2123 t.)

943 2149 1162 2224 Quum
1198 2149 1292 2211 ita
1328 2149 1583 2212 donatio
1629 2149 2062 2211 conventionis
2089 2148 2313 2226 legitin

865 2256 1235 2319 donatarius
1252 2304 1267 2332 ,
1288 2255 1484 2336 hujus
1512 2255 1896 2318 solutionem
1924 2257 2313 2336 persequend

860 2362 946 2424 ad
981 2379 1353 2441 personam,
1405 2361 1474 2422 id
1515 2369 1609 2424 est
1651 2361 2117 2424 condictionem
2153 2380 2229 2423 ex
2269 2360 2313 2422 Ιε

865 2466 1251 2548 obligatione
1267 2467 1502 2548 exlege
1519 2485 1687 2532 nova
1712 2469 2105 2545 introducta,
2135 2485 2257 2530 nec
2282 2485 2313 2529 c

860 2593 990 2655 quo
1017 2592 1248 2654 genere
1285 2575 1548 2637 actionis
1591 2575 2019 2653 experiamur,
2069 2592 2146 2636 ex
2180 2573 2313 2652 lege

858 2681 1036 2749 unic.
1071 2681 1151 2742 D.
1187 2681 1257 2742 L.
1298 2677 1390 2757 13,
1421 2681 1493 2742 T.
1526 2679 1612 2762 2.)

1626 2876 1766 2929 111.
1808 2876 2212 2929 Dibon-ando.

945 3001 1220 3063 Donatio
1279 3002 1543 3063 demum
1596 3016 1745 3061 eum
1802 3000 1904 3061 cui
1954 3000 2263 3062 donatum

864 3124 990 3169 aere
1021 3106 1230 3171 alieno
1265 3106 1367 3169 vel
1402 3106 1784 3187 obligatione
1812 3122 1927 3185 pro
1960 3107 2263 3169 donatore
2298 3107 2309 3166 i

861 3213 1144 3275 bei-ando
1183 3231 1297 3292 per
1335 3214 1781 3277 conventiones
1818 3212 2079 3276 donatio
2112 3214 2197 3275 ad
2234 3232 2309 3293 qu

861 3318 1244 3397 sufficiebat,
1281 3321 1593 3399 quoniam
1628 3320 1959 3381 donatario
1990 3318 2117 3383 doli
2143 3337 2307 3398 exce]

862 3440 1136 3501 eumque
1161 3442 1238 3485 eo
1265 3432 1486 3487 contra
1521 3424 2030 3503 persecutionem
2064 3442 2181 3503 pro
2209 3423 2307 3486 sol·

863 3529 919 3594 si
958 3530 1316 3595 donationis
1354 3548 1549 3593 causa
1584 3548 1735 3591 cum
1760 3530 2043 3593 debitore
2074 3546 2218 3591 meo
2253 3549 2305 3609 p:

863 3638 1006 3695 tum
1031 3641 1281 3714 tempus
1310 3636 1392 3697 ab
1417 3654 1493 3697 eo
1520 3643 1751 3713 petam.
1817 3633 1911 3714 (L.
1946 3634 2013 3712 9,
2047 3635 2126 3696 D.
2159 3635 2223 3695 h.
2259 3642 2303 3697 t.

943 3740 1140 3803 Pacto
1198 3732 1419 3803 solum'
1461 3760 1575 3821 per
1623 3743 2052 3820 exceptionem
2097 3741 2303 3803 libera

863 3846 1179 3909 efficacior
1207 3854 1343 3908 erat
1382 3846 1690 3917 donandi,
1729 3864 1933 3925 quum
1966 3854 2253 3909 uteretur
2289 3866 2303 3909 ι

862 3952 1114 4015 lationis
1133 4000 1148 4029 ‚
1181 3955 1280 4034 cuj
1290 3973 1366 4015 us
1383 3955 1533 4016 finis
1560 3962 1697 4015 erat
1725 3954 1987 4016 omnino
2014 3955 2303 4015 credituri

863 4060 1250 4138 extinguere.
1319 4059 1435 4120 «Si
1476 4061 1546 4121 in
1590 4059 1962 4140 stipulatum
1984 4109 1997 4134 ‚
2044 4060 2195 4123 dicit
2238 4062 2299 4123 U

862 4167 1218 4228 novationis
1277 4184 1471 4227 causa
1540 4150 1883 4229 deductum
1946 4169 2064 4244 sit,
2128 4174 2190 4228 et
2246 4174 2301 4229 st

865 4290 1061 4337 causa
1122 4280 1378 4353 accepta
1453 4272 1617 4335 lata:
1698 4273 2043 4336 dicendum
2115 4280 2209 4335 est
2277 4272 2298 4333 l
