2865 5613
1427 442 1747 504 -η-

607 576 762 637 Toto
789 591 1042 655 quoque
1060 576 1130 636 111
1157 575 1437 637 bominis
1456 577 1837 655 patrimonio
1865 577 1996 638 sive
2025 578 2095 637 in
2126 585 2322 656 parte
2352 578 2541 640 illius
2569 597 2681 658 pro

529 681 803 744 indiviso
830 688 1034 760 potest
1059 681 1404 744 consistere
1432 682 1710 744 donatio.
1748 680 1845 761 (L.
1880 680 1957 746 35
1988 684 2049 759 ἕξ
2075 681 2133 756 4,
2178 681 2242 759 5,
2278 681 2355 744 C.
2393 683 2463 744 11.
2500 684 2575 764 1.)

607 787 950 863 Caeterum,
981 795 1274 867 utsupra
1297 788 1597 866 vidimus,
1628 807 1759 871 non
1788 788 1999 850 solum
2018 789 2111 850 rei
2137 787 2253 851 vel
2264 789 2448 869 juris
2466 797 2681 852 trans-

529 896 682 958 latio
725 897 814 957 ad
856 895 1273 958 donationum
1318 913 1581 958 causam
1621 897 1929 976 pertinet,
1975 914 2211 958 verum
2261 898 2473 960 etiam
2518 898 2681 978 ejus,

529 1002 701 1081 quod
727 1001 994 1064 debetur
1015 1002 1328 1066 remissio.
1364 1002 1461 1082 (L.
1498 1002 1595 1079 17,
1628 1001 1705 1065 23
1732 1005 1840 1065 Pr.
1876 1005 1955 1064 D.
1988 1002 2057 1064 11.
2088 1003 2167 1084 t.)

613 1108 888 1188 Reliqua
912 1127 988 1171 ex
1019 1111 1469 1173 communibus
1494 1111 1986 1177 conventionum
2012 1109 2475 1174 ineundarum
2503 1110 2682 1190 prin·

529 1214 712 1295 capiis
740 1224 1067 1296 reguntur·

1389 1427 1679 1491 CAPUT
1704 1430 1783 1491 V.

701 1639 822 1702 De
846 1639 1231 1719 personis
1257 1639 1345 1702 111
1373 1640 1681 1720 quibus
1704 1644 2095 1705 versetur
2122 1640 2502 1708 donatio.

611 1851 810 1914 Nulla
853 1851 1112 1914 donatio
1152 1852 1293 1914 sine
1340 1853 1747 1917 alienatione.
1790 1853 1915 1916 Hic
1942 1871 2197 1933 quoque
2234 1855 2673 1917 observandae

531 1964 683 2019 sunt
718 1974 1090 2019 communes
1126 1976 1372 2020 normae
1412 1961 1645 2038 quibus
1686 1961 1927 2038 regitur
1961 1959 2291 2022 alienandi
2320 1961 2672 2040 capacitas„

533 2063 834 2126 Personis
858 2064 1074 2142 igitur,
1103 2083 1248 2144 quae
1277 2065 1561 2128 alienare
1584 2075 1935 2146 nequeimt,
1964 2083 2099 2128 non
2124 2067 2423 2129 donandi
2460 2075 2559 2128 est
2582 2066 2673 2127 fa-

533 2169 756 2232 cultas.
786 2169 913 2232 Sed
935 2171 1060 2248 leit,
1097 2190 1376 2234 severlor
1391 2191 1462 2232 m
1483 2173 1877 2249 donationeS,
1906 2153 2332 2252 quibusdam,
2360 2180 2673 2236 caeterum

536 2276 862 2339 alienandi
890 2278 1252 2358 capacibus,
1285 2278 1569 2341 donandi
1595 2279 1961 2341 facultatem
1988 2277 2247 2340 ademit

620 2384 677 2444 1⁰
716 2384 816 2445 Ita
851 2385 1132 2446 minores
1168 2399 1543 2464 quanquam
1558 2433 1572 2461 ,
1618 2384 2029 2462 magistratus
2052 2384 2437 2446 auctoritate
2466 2384 2671 2445 inter-

531 2491 736 2570 posita
773 2489 1130 2552 immobilia
1167 2489 1447 2552 alienare
1484 2497 1778 2570 possunt,
1826 2490 2060 2552 horum
2100 2489 2526 2552 donationem
2570 2489 2669 2549 fa-

529 2613 671 2658 cere
713 2606 1061 2675 nequeunt.
1119 2597 1406 2676 Hujusce
1452 2595 1703 2673 generis
1752 2595 2013 2658 donatio
2060 2603 2278 2658 tamen
2324 2594 2669 2658 invalescit

531 2702 878 2765 interdum.
917 2701 1170 2776 «Quum
1196 2708 1437 2778 autem,
1460 2701 1619 2762 dixit
1634 2700 1677 2762 J
1679 2701 2060 2779 ustinianus,
2083 2701 2465 2767 donationes
2485 2721 2525 2764 a
2542 2700 2669 2762 mi-

532 2811 796 2874 noribus
821 2828 944 2873 nec
970 2827 1120 2873 cum
1147 2810 1397 2871 decreto
1425 2805 1733 2870 celebrari
1756 2808 2021 2887 possint,
2050 2809 2111 2869 si
2137 2806 2359 2871 minor
2384 2809 2494 2872 vel
2519 2814 2668 2887 post

533 2918 791 2980 veniam
831 2917 1033 2980 aetatis
1079 2933 1220 2978 rem
1265 2914 1660 2978 immobilem
1706 2914 2065 2977 donationis
2111 2912 2298 2976 titulo
2344 2917 2421 2977 in
2467 2913 2670 2976 alium

534 3023 1037 3101 transcripserit,
1075 3040 1207 3085 non
1235 3022 1417 3083 aliter
1453 3022 1575 3084 hoc
1601 3021 1969 3083 firmitatem
1995 3020 2273 3082 habebat
2290 3068 2304 3095 ‚
2360 3022 2495 3083 nisi
2534 3025 2670 3098 post

533 3129 1054 3209 vigentiquinque
1081 3145 1284 3190 annos
1311 3127 1605 3209 impletos
1623 3174 1639 3205 ,
1678 3128 1844 3189 inter
1876 3135 2219 3205 praesentes
2247 3127 2523 3206 quidem
2557 3126 2669 3187 de-

535 3236 862 3309 cennium,
891 3236 1066 3295 inter
1084 3234 1377 3296 absentes
1397 3240 1613 3295 autem
1640 3232 2006 3294 vicennium
2034 3231 2339 3295 donatore
2369 3232 2666 3313 acquies-

536 3347 716 3403 cente
743 3339 1108 3401 effluxerit.»
1143 3338 1242 3419 (L.
1273 3338 1337 3417 3,
1369 3338 1438 3401 C.
1470 3340 1549 3401 L.
1580 3338 1639 3415 5,
1670 3340 1743 3401 T.
1779 3337 1905 3419 74.)

617 3446 680 3509 2⁰
715 3448 953 3509 Inanes
982 3447 1188 3509 effecit
1213 3446 1314 3508 lex
1342 3440 1713 3508 donationes
1739 3446 1907 3507 inter
1924 3446 2138 3506 virum
2167 3453 2229 3508 et
2245 3464 2535 3509 uxorem.
2571 3444 2665 3505 De

533 3553 765 3633 quibus
791 3560 1039 3628 tamen,
1069 3552 1190 3615 hoc
1211 3552 1589 3615 brevissimo
1615 3552 1687 3612 in
1704 3551 1939 3631 scripto
1956 3552 2269 3614 disserere
2287 3553 2659 3632 nequimus,

619 3656 684 3721 3ο
719 3659 997 3721 Donatio
1031 3677 1281 3739 quoque
1320 3657 1511 3738 pleno
1546 3658 1692 3737 jure
1730 3658 2069 3721 consistere
2108 3658 2333 3737 nequit
2354 3659 2531 3721 inter
2558 3670 2664 3719 eos

533 3769 648 3847 qui
665 3768 986 3848 potestatis
1012 3766 1268 3828 vinculo
1293 3766 1463 3827 inter
1498 3783 1565 3827 se
1602 3774 1755 3828 sunt
1790 3766 2129 3846 conjuncti.
2176 3762 2665 3829 Filiusfamilias

533 3872 700 3935 nihil
739 3874 904 3953 patri
947 3874 1185 3935 donare
1229 3878 1432 3952 potest
1488 3872 1638 3951 quja
1682 3872 1901 3934 omnia
1944 3888 2088 3951 quae
2138 3872 2423 3950 possidet
2466 3868 2663 3951 patris

537 3987 708 4043 sunt.
751 3980 916 4043 Item
959 3986 1201 4043 constat
1224 3980 1635 4042 donationem
1669 3980 1837 4041 inter
1860 3980 2039 4040 vivos
2076 3977 2357 4057 legitime
2384 3973 2661 4041 conferri

535 4100 667 4149 11011
703 4092 886 4166 posse
914 4105 953 4147 a
978 4094 1155 4166 patre
1193 4086 1266 4147 in
1289 4086 1525 4148 liberos
1562 4102 1725 4164 quos
1748 4085 1819 4145 in
1854 4068 2157 4162 potestate
2182 4101 2303 4146 sua
2342 4083 2555 4145 habet.
2590 4077 2659 4141 Si

537 4203 718 4275 pater
742 4193 1189 4271 nihilominus,
1219 4194 1328 4273 qui
1347 4193 1545 4257 talem
1561 4193 1708 4255 fecit
1734 4192 2161 4269 donationem,
2194 4210 2229 4252 e
2256 4190 2386 4253 vita
2410 4185 2659 4251 excedit

537 4308 880 4382 antequam
908 4316 1052 4362 eam
1077 4301 1411 4364 revocandi
1452 4300 1746 4362 animum
1774 4298 2169 4382 patefecerit,
2216 4294 2678 4377 imperialibus·
