2865 5613
1828 417 2089 481 -23-

891 559 1146 622 omnia
1181 556 1284 619 vel
1329 555 1615 634 aliquam
1648 552 2022 617 facultatum
2066 551 2093 614 f

893 672 1144 746 postea
1172 662 1516 742 susceperit
1542 661 1803 736 liberm,
1843 668 2043 723 totum
2076 675 2099 738 ς

887 778 1210 834 vertatur
1253 771 1323 832 in
1363 770 1655 851 ejusdem
1700 767 2021 830 donatoris
2064 781 2103 828 a

895 895 1138 940 rum.»

1000 987 1038 1062 3
1072 984 1124 1045 1.
1169 987 1250 1045 De
1289 983 1475 1059 huJus
1500 981 1887 1044 revocationis
1912 979 2110 1040 condit

899 1099 1014 1156 tet
1043 1091 1451 1153 donationem
1470 1107 1508 1151 a
1528 1096 1792 1168 patrono
1810 1087 1879 1147 in
1898 1085 2115 1148 lihertt

901 1199 971 1260 si
1005 1197 1155 1276 quis
1180 1214 1311 1258 non
1339 1203 1643 1276 patronus
1690 1203 1984 1256 extraneo
2024 1193 2119 1256 do]

903 1303 1236 1365 neflcium
1277 1304 1358 1365 ad
1404 1303 1897 1381 hunc'pertinet.

1003 1409 1331 1472 Praeterea
1375 1409 1651 1472 conditio
1685 1407 1882 1488 hujus
1919 1405 2078 1485 legis

905 1513 1161 1576 liberos
1189 1531 1322 1577 non
1349 1513 1610 1576 habene.

1007 1621 1293 1694 Quaestio
1347 1627 1444 1683 est
1482 1621 1648 1684 circa
1698 1620 1931 1682 horum
1985 1617 2133 1682 verb

907 1727 1456 1807 significationem
1479 1774 1494 1803 ,
1535 1745 1619 1788 an
1654 1726 1757 1790 vel
1782 1727 2009 1791 unicus
2045 1741 2137 1805 pr(

911 1851 1006 1897 ne
1035 1834 1182 1913 quis
1209 1834 1346 1895 sine
1363 1833 1583 1895 liberis
1610 1851 1748 1895 esse
1772 1832 2083 1894 videatur.
2120 1829 2141 1892 ί

913 1949 1020 2002 est
1049 1940 1190 2001 sine
1217 1938 1434 2001 liberis
1465 1939 1568 2001 cui
1594 1938 1698 2001 vel
1724 1956 1894 2000 unus
1930 1937 2104 1999 filius
2136 1956 2143 1964 ·

919 2045 1287 2108 enuntiatio
1323 2067 1336 2107 :
1402 2047 1575 2108 habet
1613 2048 1818 2108 liberos
1837 2094 1853 2117 ,
1901 2063 2026 2107 ‘non
2053 2046 2138 2106 ha

918 2152 1056 2214 tivo
1084 2169 1357 2213 numero
1381 2153 1720 2232 profertur.
1762 2153 1840 2214 Et
1876 2169 2070 2230 quem
2098 2153 2139 2212 sz'

923 2243 1270 2336 possumus
1285 2306 1299 2335 ,
1322 2258 1500 2321 hunc
1517 2275 1775 2322 necesse
1803 2265 1897 2320 est
1916 2257 2135 2320 dicam]

931 2361 1081 2440 149,
1142 2365 1222 2426 D.
1272 2364 1342 2425 L.
1387 2363 1498 2441 50,
1548 2366 1620 2426 T.
1677 2363 1800 2444 16).
1848 2366 2014 2444 Ergo
2064 2363 2133 2425 ad

929 2487 1087 2532 nem
1112 2471 1342 2532 unicus
1369 2469 1544 2533 filius
1582 2471 1834 2533 sufficit.

1015 2574 1348 2638 Postremo
1398 2577 1671 2656 exigitur
1708 2594 1747 2638 a
1790 2585 2056 2656 patrono
2108 2574 2128 2635 l

933 2683 1204 2761 quinam
1239 2680 1424 2744 liberi
1460 2681 1857 2762 intelligendi
1884 2688 2034 2744 sunt
2061 2684 2090 2742 ⁴?

939 2785 1342 2849 continentur
1376 2804 1508 2850 non
1551 2794 1799 2849 tantum
1840 2787 1953 2867 qui
2000 2802 2122 2849 sun

940 2889 1049 2968 qui
1087 2891 1186 2951 sui
1207 2890 1373 2969 juris
1401 2899 1579 2967 sunt,
1612 2892 1745 2954 sive
1771 2890 1974 2952 virilis
2001 2892 2121 2953 sive

941 2995 1231 3058 feminini
1259 3014 1449 3058 sexus
1477 2995 1949 3058 descendentes,
1986 2994 2082 3075 (L.

1021 3102 1123 3161 An
1151 3102 1404 3164 donatio
1431 3119 1575 3182 quae
1604 3102 1939 3180 agnatione
1971 3100 2115 3163 libe]

946 3202 1082 3267 latis
1105 3215 1322 3286 postea
1347 3206 1567 3269 liberis
1585 3206 1967 3270 convalescit
1983 3211 2011 3269 ⁴?
2042 3206 2116 3268 Pl

947 3312 1089 3390 quia
1112 3312 1525 3375 revocationis
1552 3330 1743 3375 causa
1772 3320 2007 3390 cessat,
2040 3331 2105 3375 se

952 3418 1138 3479 tentia
1161 3418 1526 3496 putantium
1550 3417 1768 3481 liberis
1795 3418 1991 3482 semel
2026 3437 2106 3499 po

956 3524 1201 3586 omnino
1240 3525 1323 3586 ad
1359 3525 1727 3588 donatorem
1755 3526 1984 3587 redire.

1029 3632 1056 3707 ἓ
1088 3628 1160 3691 2.-
1187 3630 1266 3691 De
1290 3631 1474 3707 hujus
1510 3633 1912 3693 Revocationis
1950 3632 2103 3711 Effec

961 3735 1110 3797 dinis
1171 3752 1386 3826 causa
1438 3736 1732 3799 effectum
1783 3735 1975 3800 habet
2026 3755 2101 3799 ex

957 3841 1129 3921 judex
1155 3859 1299 3903 eam
1326 3842 1637 3919 decrevit,
1670 3844 1981 3906 revocatio
2008 3844 2089 3905 ob

966 3946 1150 4009 ficitur
1185 3948 1266 4010 ab
1314 3965 1389 4011 eo
1434 3966 1560 4027 quo
1606 3950 1858 4011 donatio
1904 3949 2069 4011 facta

968 4051 1140 4116 altera
1164 4073 1239 4117 ex
1279 4061 1435 4118 tunc
1479 4056 1811 4118 revocatio.
1865 4054 2078 4129 Quum

973 4160 1135 4222 refert
1193 4162 1274 4223 ad
1338 4162 1697 4224 donationis
1736 4162 1906 4223 diem
1934 4169 2091 4241 patr(

977 4266 1232 4331 dentium
1258 4269 1559 4333 manibus
1588 4276 1871 4349 repetere
1898 4270 2089 4349 poteri
