2865 5613
773 586 1039 634 causam
1055 568 1440 630 lucrativam
1465 567 1824 630 necessario
1851 566 2082 628 inesse.
2110 565 2208 628 Ita
2235 583 2272 627 a

772 678 879 739 nis
908 676 1333 740 conditionem
1362 675 1762 738 adducimur.

895 900 1036 951 111.
1081 899 1418 959 spoliatio
1466 898 1815 948 donatori·
1841 898 1911 945 et
1938 896 2283 948 donatarii

858 1048 1003 1110 Non
1037 1047 1213 1108 omni
1247 1043 1649 1107 liberalitatis
1690 1060 1920 1122 genere
1961 1042 2286 1106 constituit

776 1153 1121 1233 gratuitam
1147 1151 1435 1214 futuram
1461 1166 1599 1212 esse
1628 1149 2034 1212 donationem
2053 1196 2068 1224 ,
2112 1156 2289 1211 attan

776 1261 944 1323 facto
979 1276 1106 1338 quo
1134 1256 1519 1319 minuuntur
1552 1255 1881 1318 facultates
1909 1257 2047 1335 ejus
2074 1256 2186 1334 qui
2214 1256 2291 1319 (10

779 1363 855 1426 fit
878 1363 990 1444 qui
1021 1361 1280 1439 accepit.
1320 1358 1414 1439 (L.
1452 1359 1488 1421 5
1517 1361 1546 1436 Ξ
1579 1357 1674 1436 16,
1709 1359 1787 1420 D.
1833 1359 1904 1419 L.
1939 1358 2040 1435 24,
2072 1359 2148 1420 Τ.
2188 1359 2271 1438 1.)

860 1467 1089 1531 Plures
1143 1483 1320 1528 nunc
1375 1463 1801 1544 perspiciendi
1848 1473 2000 1527 sunt
2053 1464 2238 1527 nobis
2278 1480 2297 1528 ε

781 1575 1085 1639 alterutra
1110 1573 1469 1636 conditione
1498 1571 1830 1634 deficiente
1860 1571 2234 1633 donationes
2261 1588 2299 1632 n

861 1709 892 1785 Ξ
924 1705 978 1769 1.
1025 1707 1094 1769 Si
1134 1707 1272 1783 quis
1305 1706 1628 1766 liberaliter
1666 1721 1843 1781 aqens
1871 1722 1992 1765 non
2025 1703 2303 1782 spolietur

781 1813 929 1875 dato
968 1819 1031 1874 et
1073 1812 1384 1892 deposito,
1434 1828 1579 1891 quae
1632 1810 2045 1873 liberalitates
2099 1827 2304 1872 comm

779 1918 993 1980 dantis
1027 1923 1209 1994 sunt,
1251 1935 1382 1980 non
1407 1918 1778 1980 donationes
1807 1917 2002 1993 fiunt,
2043 1917 2196 1997 quia
2230 1916 2303 1978 lil

779 2021 964 2085 nulla
987 2024 1159 2087 bona
1184 2024 1579 2087 adimuntur.
1612 2024 1859 2088 Tamen
1886 2025 1997 2105 qui
2025 2024 2289 2087 domum

781 2130 979 2192 tradit
999 2177 1014 2207 ‚
1066 2131 1305 2193 donare
1347 2141 1661 2194 censetur.
1713 2133 1795 2193 In
1832 2133 2078 2194 aedibus
2118 2130 2299 2193 alieni

767 2228 1042 2300 ‘donatio
1068 2236 1356 2299 videtur:
1397 2236 1468 2298 id
1499 2238 1674 2300 enim
1699 2237 1916 2316 ipsum
1946 2253 2171 2317 capere
2207 2237 2295 2298 vic'

784 2343 956 2422 quod
973 2344 1334 2406 mercedem
1349 2361 1465 2423 pro
1484 2342 1871 2406 habitatione
1889 2360 2022 2406 non
2040 2341 2227 2404 solvit
2255 2342 2293 2423 (1

784 2450 930 2513 Νο11
957 2452 1125 2513 inest
1148 2451 1453 2513 mandato
1470 2451 1755 2527 donatio,
1787 2468 1993 2531 quum
2012 2450 2103 2512 ita
2120 2497 2135 2526 ‚
2166 2467 2291 2512 ma]

785 2557 1103 2620 mediocre
1131 2557 1396 2637 quidem
1411 2605 1425 2633 ‚
1470 2559 1839 2636 impensum
1878 2573 1917 2618 a
1952 2556 2211 2619 domino
2236 2574 2289 2618 n·

866 2665 995 2726 P'er
1020 2664 1499 2744 fidejussionem
1522 2681 1653 2726 non
1681 2664 1886 2742 magis
1914 2664 2222 2741 donatur3
2268 2663 2286 2724 1

787 2785 918 2833 non
950 2771 1346 2834 deminuitur
1371 2771 1829 2851 patrimonium
1846 2821 1860 2849 ,
1904 2779 1967 2835 et
2004 2771 2059 2833 si
2095 2771 2285 2852 fideju

786 2884 912 2953 tur,
960 2878 1310 2940 debitorem
1353 2879 1650 2958 persequi
1676 2886 1906 2957 posset.
1953 2879 2092 2942 Hoc
2122 2878 2281 2957 igitu

785 2983 1020 3045 tuitum
1058 2991 1172 3065 est.
1222 2984 1658 3065 Fidejussione
1700 2994 1916 3046 tamen
1970 2985 2219 3047 institui
2265 3003 2279 3063 ]

787 3091 940 3153 satis
964 3108 1077 3170 pro
1107 3089 1320 3170 aliquo
1347 3092 1559 3169 datur,
1588 3109 1788 3171 quum
1818 3091 1874 3153 is
1901 3092 2013 3171 qui
2040 3091 2147 3154 dat
2174 3108 2277 3154 cer

787 3195 1007 3259 silium
1041 3214 1174 3259 non
1219 3198 1545 3276 exigendae
1592 3198 1878 3277 pecuniae
1898 3246 1913 3273 ‚
1974 3214 2172 3278 quam
2207 3216 2275 3277 p1

792 3304 988 3367 Extra
1043 3322 1306 3367 causam
1355 3304 1776 3366 donationum
1813 3312 1963 3366 sunt
1999 3303 2229 3365 talium

790 3410 933 3487 deS,
973 3405 1047 3473 ut
1081 3419 1238 3491 puta
1261 3459 1276 3487 ,
1340 3412 1396 3473 si
1443 3412 1560 3473 tibi
1601 3411 1888 3487 adfuem,
1940 3411 1996 3472 si
2049 3411 2201 3473 satis
2250 3431 2271 3490 1

790 3515 1074 3596 qualibet
1132 3518 1202 3578 in
1246 3535 1316 3579 re
1361 3534 1554 3596 opera
1592 3516 1693 3579 vel
1739 3518 1939 3597 gratia
1989 3534 2135 3579 mea
2180 3535 2269 3577 us*

792 3624 823 3699 Ξ
856 3620 878 3683 1
905 3670 920 3698 ,
952 3623 1033 3684 D.
1067 3622 1130 3684 h.
1167 3623 1240 3702 t.)

871 3729 1047 3791 Juris
1063 3736 1297 3792 natura
1316 3779 1330 3807 ‚
1352 3747 1480 3809 quo
1510 3748 1578 3793 se
1606 3730 1834 3809 spoliat
1855 3730 2139 3807 donator,
2175 3747 2263 3791 nu

794 3834 1143 3896 dummodo
1177 3835 1246 3896 id
1275 3836 1384 3915 jus
1421 3835 1793 3913 patrimonii
1822 3835 1923 3897 sit.
1959 3835 2103 3897 Non
2132 3851 2261 3913 am1

797 3946 996 4001 torem
1014 3938 1176 4001 illud
1192 3940 1259 4000 in
1277 3942 1579 4019 praesenti
1608 3941 1913 4003 amittere.
1949 3939 2059 4002 Sat
2084 3947 2179 4002 est
2195 3948 2259 4002 ut

798 4061 1055 4119 exuere3
1090 4046 1326 4108 idcirco
1353 4046 1423 4107 in
1446 4047 1592 4127 jure
1619 4046 1966 4108 novissimo
1995 4045 2257 4109 donand

803 4150 985 4214 tionis
1013 4152 1148 4213 vim
1174 4151 1378 4214 habet.
