2865 5613
1470 406 1792 468 -18-

554 546 746 620 atque
774 539 1053 619 aequitati
1081 539 1388 618 congruit.
1415 539 1686 618 InvituS,
1719 541 1973 621 scripsit
1992 540 2249 604 Paulus
2284 543 2389 622 (L.
2428 542 2490 620 5,
2513 545 2587 605 T.
2616 545 2703 619 11,

551 645 691 727 25),
715 646 982 708 donator
1008 646 1084 707 de
1113 646 1420 708 evictione
1459 648 1551 709 rei
1579 647 1828 710 donatae
1855 648 2234 726 promittere
2265 667 2409 712 non
2441 651 2703 728 cogitur,

551 771 672 816 nec
700 771 774 815 eo
800 751 1082 827 nomine,
1113 751 1240 812 nisi
1265 752 1655 829 promiserit,
1686 760 2015 829 oneratur3
2048 755 2165 832 qui
2195 755 2591 818 alucrativae
2619 756 2706 816 rei

553 876 875 940 possessor
911 858 988 919 ab
1027 858 1351 919 evictionis
1389 859 1635 921 actione
1670 859 1811 938 ipsa
1830 860 1996 939 juris
2030 861 2297 922 ratione
2326 861 2696 940 depellitur.

638 964 742 1026 «Si
768 964 942 1043 quiS,
977 964 1065 1024 ait
1103 964 1314 1027 Labeo
1359 964 1523 1025 mihi
1562 983 1699 1028 rem
1736 964 2015 1033 alienam
2056 964 2451 1042 donaverit,
2517 967 2706 1046 inque

551 1088 697 1132 eam
724 1079 1015 1149 sumptus
1042 1087 1310 1148 magnos
1337 1070 1576 1147 fecer03
1616 1078 1679 1133 et
1706 1070 1797 1132 sic
1832 1071 2193 1146 evincatur,
2240 1071 2515 1133 nullam
2552 1071 2705 1133 mihi

549 1176 865 1238 actionem
892 1183 1109 1238 contra
1143 1176 1514 1239 donatorem
1553 1182 1939 1255 competere:
1982 1176 2174 1256 plane
2220 1178 2309 1239 de
2339 1177 2493 1241 dolo
2523 1195 2704 1258 posse

549 1300 652 1344 me
675 1282 979 1344 adversus
997 1298 1149 1344 eum
1166 1281 1402 1344 habere
1423 1283 1769 1359 actionem,
1802 1283 1857 1344 si
1885 1283 2026 1346 dolo
2058 1283 2279 1346 fecit.»
2312 1284 2420 1363 (L.
2462 1282 2539 1345 18
2575 1287 2606 1362 ἕ
2634 1282 2693 1360 3,

548 1388 727 1450 1).11.
769 1395 854 1463 t.;
900 1388 972 1448 L.
1010 1387 1080 1449 13
1127 1386 1258 1466 31,
1294 1388 1372 1449 D.
1407 1389 1480 1449 L.
1513 1387 1618 1465 45,
1650 1390 1722 1450 T.
1760 1388 1825 1465 13
1868 1390 1938 1450 L.
1982 1387 2091 1465 48,
2125 1390 2211 1450 D.
2260 1391 2342 1451 L.
2384 1389 2458 1467 6,
2496 1392 2572 1452 T.
2611 1389 2690 1469 1.)

627 1496 910 1557 Donator
946 1510 1174 1555 usuras
1219 1511 1294 1554 ac
1333 1494 1576 1556 fructus
1616 1512 1745 1558 non
1786 1494 1969 1557 debet
2003 1496 2131 1557 nisi
2168 1498 2457 1576 quidem
2518 1516 2559 1559 a
2593 1496 2698 1558 lite

547 1607 893 1664 contestata
954 1607 1298 1678 perceptos.
1379 1600 1551 1661 Eum
1612 1602 1726 1680 qui
1794 1601 2149 1664 donationis
2223 1621 2441 1666 causa
2503 1621 2697 1683 pecu-

544 1709 724 1770 niam
774 1707 877 1770 vel
919 1706 1031 1786 qui
1076 1705 1253 1767 aliud
1297 1706 1616 1785 promisit,
1660 1707 1737 1768 de
1781 1724 1961 1769 mora
2000 1708 2348 1771 solutionis
2400 1709 2693 1789 pecuniae

543 1832 775 1877 usuras
809 1830 942 1876 non
976 1812 1238 1889 debere,
1282 1830 1551 1874 summae
1589 1813 1900 1893 aequitatis
1938 1820 2070 1884 est:
2112 1816 2411 1879 maxime
2446 1819 2692 1879 cumin

542 1921 726 1983 bonae
782 1919 933 1980 fidei
986 1919 1407 1981 contractibus
1464 1919 1824 1982 donationis
1872 1921 2137 1999 species·
2161 1939 2304 1984 non
2343 1923 2691 2002 deputetur

544 2027 639 2107 (L.
672 2025 784 2104 22,
832 2027 912 2087 D.
943 2024 1010 2085 h.
1043 2033 1125 2097 t.;
1170 2025 1240 2086 L.
1274 2023 1384 2102 31,
1442 2025 1549 2087 Pr.
1585 2027 1667 2087 D.
1700 2026 1772 2086 L.
1811 2024 1919 2102 12,
1966 2026 2040 2087 T.
2078 2026 2147 2102 13
2195 2027 2274 2089 L.
2332 2027 2411 2091 16
2446 2029 2557 2089 Pr.
2607 2028 2685 2089 D.

543 2135 615 2194 L.
647 2130 754 2207 22,
777 2133 850 2193 T.
887 2131 965 2212 1).
1000 2131 1067 2193 Si
1095 2131 1407 2194 actionem
1434 2131 1710 2194 habeam
1729 2131 1810 2192 ad
1834 2130 1906 2205 id
1934 2133 2482 2210 consequendum
2514 2133 2685 2213 quod

541 2257 761 2301 meum
798 2255 930 2300 non
976 2237 1096 2299 fuit
1132 2237 1330 2302 veluti
1369 2256 1444 2300 ex
1490 2236 1794 2316 stipulatu
1830 2245 1976 2298 ante
2025 2235 2203 2299 litem
2248 2247 2682 2303 contestatam

539 2348 781 2423 fructus
823 2362 954 2408 non
995 2361 1380 2423 consequar3
1431 2344 1629 2406 etiam
1666 2343 1722 2404 si
1766 2360 1947 2405 mora
2000 2343 2163 2406 facta
2209 2344 2340 2407 sit:
2396 2347 2574 2426 quod
2627 2344 2680 2405 si

538 2458 866 2530 acceptum
886 2458 980 2513 est
999 2450 1318 2530 judicium
1337 2497 1352 2524 ,
1381 2457 1525 2511 tum
1549 2449 1796 2511 fructus
1833 2467 2084 2530 quoque
2108 2453 2474 2529 praestandi
2503 2458 2683 2514 sunt.-

540 2559 637 2639 (L.
679 2557 758 2622 38
797 2557 923 2636 ΞἹ,
958 2558 1037 2619 D.
1081 2557 1151 2617 L.
1183 2553 1292 2631 22,
1324 2556 1396 2617 T.
1445 2554 1529 2637 1.)

514 2646 517 2649 ¹
619 2666 920 2737 Quatenus
938 2665 1195 2724 donator
1215 2672 1506 2724 teneatur.
1530 2696 1612 2706 —
1630 2660 1757 2734 Qui
1774 2679 1850 2724 ex
1834 2662 2209 2766 ‘donatione
2230 2680 2301 2727 se
2333 2663 2670 2744 obligavit,

536 2789 614 2834 ex
658 2770 958 2850 rescripto
1004 2768 1134 2831 divi
1172 2767 1303 2846 Pii,
1348 2785 1481 2831 non
1518 2766 1719 2845 ultra,
1765 2785 1963 2848 quam
2006 2768 2212 2833 facere
2257 2779 2473 2850 potest
2521 2785 2673 2833 con-

536 2879 899 2940 demnatur.

614 2983 780 3045 Cum
807 3001 884 3045 ex
927 2999 1119 3045 causa
1154 2982 1514 3045 donationis
1534 3029 1549 3058 ,
1587 2982 1902 3060 promissa
1928 2982 2199 3061 pecunia
2227 2989 2357 3060 est,
2392 2983 2451 3044 si
2481 2979 2674 3044 dubi-

531 3098 735 3156 tatum
755 3090 835 3152 sit
861 3108 1022 3152 num
1049 3108 1125 3152 ea
1149 3107 1252 3151 res
1269 3106 1472 3168 usque
1500 3088 1582 3149 ad
1612 3086 1934 3149 donatoris
1963 3086 2292 3149 facultates
2321 3086 2673 3151 exhaurire

533 3197 761 3276 possit,
794 3203 865 3258 ut
891 3196 998 3256 vix
1023 3196 1364 3274 quicquam
1393 3194 1451 3255 61
1480 3194 1548 3254 111
1578 3192 1760 3255 bonis
1790 3192 2082 3254 relictum
2109 3194 2225 3254 sit:
2270 3196 2474 3272 actio,
2507 3191 2670 3255 111111

532 3303 704 3384 quod
731 3303 940 3365 facere
968 3302 1197 3381 possit,
1229 3300 1441 3362 danda
1468 3308 1599 3362 est:
1631 3300 1720 3361 ita
1748 3305 1820 3360 ut
1845 3306 1907 3360 et
1940 3298 2065 3380 ipsi
2093 3299 2389 3362 donatori
2420 3297 2667 3379 aliquid

533 3409 858 3472 sufficiens
921 3393 1318 3488 relinquatur
1339 3455 1353 3483 ,
1421 3405 1593 3486 quod
1650 3404 1960 3480 maxime,
2026 3404 2204 3466 addit
2265 3403 2665 3485 Pomponius

535 3515 631 3596 (L.
657 3513 765 3591 30,
790 3516 869 3576 D.
900 3515 973 3577 L.
999 3512 1104 3592 42,
1129 3515 1202 3576 T.
1234 3513 1323 3593 1),
1345 3513 1515 3575 inter
1533 3510 1763 3573 liberos
1781 3519 1844 3573 et
1863 3518 2156 3590 parentes
2184 3512 2665 3576 observandum

491 3642 496 3648 ·
533 3630 647 3684 est.

612 3727 678 3787 Is
699 3774 714 3804 ,
744 3726 856 3805 qui
884 3744 960 3789 ex
981 3742 1174 3788 causa
1193 3724 1550 3787 donationis
1569 3723 1974 3799 convenitur,
2008 3724 2075 3784 in
2104 3730 2423 3803 quantum
2450 3727 2659 3788 facere

531 3841 735 3914 potest
759 3833 1252 3908 condemnatur,
1284 3838 1347 3893 et
1382 3830 1645 3909 quidem
1668 3830 1724 3890 is
1755 3829 1927 3891 solus
1956 3830 2222 3891 deducto
2260 3848 2386 3893 aere
2416 3831 2651 3894 alieno.

531 3940 786 4002 Etenim
829 3939 900 4000 id
944 3936 1115 4017 quod
1161 3936 1580 3998 creditoribus
1635 3936 1898 3998 debetur
1961 3936 2081 3998 erit
2142 3937 2652 4001 detrahendum:

528 4044 667 4107 haec
692 4061 844 4105 vero
883 4044 961 4105 de
1004 4041 1237 4122 quibus
1275 4059 1351 4103 ex
1374 4042 1602 4105 eadem
1639 4060 1831 4106 causa
1857 4045 1999 4124 quis
2037 4045 2374 4107 obstrictus
2404 4055 2500 4108 est
2525 4059 2655 4105 non

534 4151 850 4212 debebunt
878 4149 1142 4208 detrahi.
1182 4147 1274 4224 (L.
1316 4147 1422 4222 19,
1461 4150 1535 4208 D.
1573 4149 1689 4210 loc.
1725 4150 1827 4210 cit.
1859 4172 1869 4222 3
1903 4150 1973 4208 L.
2015 4148 2115 4224 12,
2153 4151 2229 4210 D.
2263 4151 2325 4210 h.
2365 4154 2431 4230 t.)

612 4260 752 4316 Inio
792 4258 898 4332 qni
932 4258 994 4314 111
1032 4256 1196 4332 quod
1232 4274 1302 4314 ox
1336 4274 1523 4314 causa
1561 4256 1913 4316 donationis
1957 4256 2275 4332 stipulanti
2313 4258 2648 4334 spoponde-
