2865 5613
1410 430 1737 492 -14-

515 569 729 640 daret;
786 576 849 630 et
891 568 1044 646 quia
1086 565 1495 628 Justinianus
1542 580 1793 643 quoque
1851 561 2220 623 donationes
2270 578 2414 640 quae
2470 560 2633 621 hanc

512 673 933 753 quantitatem
972 669 1357 732 excedebant
1395 667 1712 730 insinuari
1751 666 1967 746 Jussit.
2028 665 2118 725 Hi
2158 681 2306 725 vero
2350 671 2635 728 auctores

510 781 910 859 incomperta
937 778 1158 840 dicunt
1185 783 1248 837 et
1276 773 1483 836 libera
1510 774 1875 852 conjectura
1901 777 2016 833 est.

593 888 682 949 Ut
716 887 787 946 in
813 884 1131 964 plerisque
1165 881 1412 961 legibus
1441 898 1585 960 quae
1614 879 1888 941 libertati
1914 877 2181 939 modum
2219 883 2505 939 statuunt
2540 893 2640 937 ex-

513 993 908 1071 cipiebantur
937 990 1234 1069 quaedam
1268 1005 1557 1068 personae
1574 1035 1589 1064 ‚
1619 985 1948 1066 privilegio
1976 983 2243 1046 munitae
2280 990 2342 1046 et
2367 982 2511 1062 lege
2538 982 2645 1043 de-

515 1099 780 1186 signatae
816 1114 961 1178 quae
1006 1097 1076 1158 in
1116 1096 1445 1157 infinitum
1483 1094 1767 1173 accipere
1793 1098 2122 1171 poterant:
2188 1091 2324 1151 Has
2368 1089 2647 1151 breviter

513 1222 988 1266 enumeremus.
1036 1203 1236 1283 (Ulp.‚
1293 1202 1387 1263 De
1426 1200 1673 1279 legibus
1704 1248 1718 1276 ‚
1761 1199 1834 1260 L.
1890 1197 1955 1273 1;
1996 1197 2141 1258 Vat.
2190 1196 2375 1274 Frag.
2413 1199 2497 1268 §S
2523 1190 2639 1256 298

514 1319 578 1373 et
605 1309 772 1392 308.)

601 1419 659 1479 1⁰
700 1418 960 1498 Excepti
996 1423 1147 1479 sunt
1195 1417 1481 1495 quinque
1527 1421 1939 1492 cognatorum
1976 1412 2209 1491 gradus
2259 1419 2333 1472 et·
2357 1427 2436 1471 ex
2476 1415 2646 1471 sexto

517 1543 648 1587 11116
675 1540 974 1604 persona,
1009 1522 1306 1584 sobrinus
1335 1530 1399 1583 et
1429 1520 1707 1582 sobrina.

595 1630 662 1693 2⁰
701 1631 760 1690 Ii
797 1630 908 1709 qui
953 1630 1025 1690 in
1059 1634 1366 1708 potestate
1395 1645 1651 1703 eorum,
1682 1625 1783 1689 vel
1811 1643 2012 1688 manu
2040 1625 2441 1703 mancipiove
2472 1630 2641 1686 sunt.

597 1735 661 1799 3⁰
697 1736 905 1798 Primi
932 1737 1167 1814 gradus
1195 1735 1509 1797 adfinium
1536 1751 1844 1815 personae.

596 1844 658 1905 4⁰
695 1843 824 1904 Lex
852 1859 1104 1921 quoque
1133 1841 1363 1920 excipit
1397 1848 1673 1903 tutorem
1690 1889 1704 1918 ‚
1747 1829 1862 1919 qui
1887 1837 2152 1901 tutelam
2179 1837 2367 1916 gerit,
2413 1837 2648 1917 siquid

518 1951 671 2013 dare
710 1949 894 2024 velit,
953 1948 1106 2027 quia
1147 1954 1387 2009 tutores
1425 1947 1609 2026 quasi
1648 1953 1943 2025 parentes
1981 1943 2221 2024 proprii
2256 1943 2650 2024 pupillorum

519 2064 702 2132 sunt3
734 2063 796 2117 et
823 2054 1112 2133 permisit
1138 2053 1229 2116 eis
1258 2055 1328 2114 in
1353 2053 1686 2114 infinitum
1713 2053 1888 2114 dare.
1930 2050 2164 2113 Contra
2190 2049 2512 2129 pupillum
2540 2049 2648 2111 do-

521 2162 724 2224 nandi
752 2162 1117 2242 cupientem
1143 2179 1275 2225 non
1304 2160 1569 2240 excepit.
1737 2225 1740 2228 ,

597 2269 662 2331 5⁰
689 2267 967 2330 Patrono
1001 2276 1063 2330 et
1097 2265 1282 2346 quasi
1306 2273 1573 2346 patrono
1610 2268 1683 2327 in
1707 2266 2037 2329 infinitum
2074 2264 2313 2325 donare
2340 2271 2548 2342 potest
2572 2261 2649 2324 li-

516 2375 732 2435 bertus
761 2381 822 2434 et
846 2372 1032 2452 quasi
1056 2371 1344 2436 libertuS.

599 2476 660 2538 6⁰
697 2477 766 2540 Si
792 2478 934 2557 quis
962 2477 1223 2539 mulieri
1247 2475 1557 2556 puellaeve
1584 2483 1886 2555 cognatus
1915 2476 2126 2539 dotem
2155 2477 2439 2538 conferre
2468 2474 2639 2550 velit,

516 2600 918 2664 quocumque
961 2584 1165 2662 gradu
1204 2590 1509 2662 cognatus
1523 2584 1709 2660 .dotis
1752 2584 2014 2646 nomine
2052 2583 2120 2643 in
2161 2583 2494 2644 infinitum
2533 2583 2642 2646 do-

515 2707 674 2751 nare
704 2696 930 2768 potest.

598 2795 752 2873 Sed,
796 2812 1166 2876 quanquam
1214 2794 1314 2858 lex
1357 2795 1623 2858 modum
1658 2803 1986 2875 posuerat,
2048 2813 2243 2875 quem
2293 2792 2479 2857 nulla
2521 2791 2644 2855 nisi

519 2920 670 2981 erga
695 2909 987 2981 exceptas
1014 2920 1318 2981 personas
1355 2903 1612 2965 donatio
1650 2920 1949 2981 superare
1979 2902 2276 2977 debebat,
2320 2900 2463 2979 lege
2490 2917 2642 2963 con-

517 3017 754 3088 tempta
789 3009 971 3071 nulla
1008 2992 1294 3089 unquam
1323 3010 1581 3073 donatio
1617 3011 1854 3072 rescisa
1892 3011 2032 3071 fuit.
2068 3009 2313 3071 Idcirco
2352 3007 2645 3087 plebisci-

516 3122 657 3175 tum
673 3113 833 3175 illud
851 3115 1293 3193 imperfectum
1311 3115 1567 3191 dicitur,
1585 3116 1651 3176 id
1670 3123 1765 3177 est
1778 3115 1879 3177 lex
1896 3132 2040 3195 quae
2057 3114 2350 3193 prohibet
2367 3162 2382 3191 ‚
2404 3112 2521 3174 sed
2540 3129 2650 3175 cu·

511 3220 620 3298 jus
637 3206 1128 3299 transgressioni
1147 3238 1338 3299 poena
1364 3239 1497 3282 non
1526 3221 1927 3283 adscribitur.
1952 3206 2370 3282 Plebiscitu'm
2400 3226 2641 3294 tamen,

518 3344 643 3405 quo
677 3344 808 3388 non
843 3328 1260 3390 evanescebat
1286 3328 1543 3391 donatio
1578 3346 1723 3408 quae
1751 3328 1887 3407 lege
1925 3328 2157 3391 violata
2181 3328 2371 3390 fiebat
2396 3375 2410 3403 ‚
2442 3326 2646 3388 dona-

517 3433 638 3495 tori
665 3434 984 3512 praebebat
1017 3435 1226 3497 varias
1252 3434 1435 3496 illam
1460 3436 1712 3498 irritam
1738 3436 2055 3499 efficiendi
2082 3438 2219 3499 vias
2240 3485 2255 3514 ‚
2294 3452 2455 3515 quas
2489 3454 2646 3515 pru-

518 3539 738 3603 dentes
768 3541 1156 3621 amplificare
1187 3544 1396 3606 conati
1425 3550 1597 3606 sunt.
1634 3543 1932 3606 Praetoris
1961 3543 2239 3605 edictum
2266 3560 2379 3622 pro
2405 3543 2646 3621 imper-

517 3646 680 3708 fecta
697 3666 956 3709 omnem
976 3650 1383 3712 donationem
1405 3648 1660 3726 habuit,
1692 3668 1836 3730 quae
1855 3649 2203 3729 legitimam
2231 3631 2649 3729 quantitatem'

519 3753 892 3831 excedebat,
925 3763 987 3817 et
1011 3772 1155 3834 quae
1185 3756 1394 3835 reipsa
1421 3773 1553 3817 non
1588 3756 1808 3818 effecta
1836 3762 1991 3817 erat.
2025 3756 2335 3817 Donatori
2360 3754 2650 3833 permisit

521 3862 884 3939 exceptione
909 3860 1067 3939 legis
1105 3860 1342 3923 Cinciae
1380 3850 1684 3941 repellere
1714 3863 2027 3925 actionem
2062 3862 2375 3923 donatarii
2411 3862 2526 3942 qui
2556 3858 2650 3923 rei

521 3967 770 4029 donatae
826 3967 1230 4029 traditionem
1275 3970 1545 4047 petebat.
1590 3970 1749 4031 Haec
1785 3970 2063 4049 exceptio
2102 3972 2288 4049 quasi
2322 3971 2648 4051 popularis

521 4074 717 4149 dicta,
750 4091 789 4134 a
816 4073 950 4136 solo
980 4076 1281 4138 donatore
1308 4078 1541 4156 opponi
1567 4084 1834 4156 poterat,
1876 4078 2028 4157 quia
2054 4085 2256 4141 morte
2295 4078 2517 4141 Cincia
2545 4097 2648 4141 re·

519 4184 840 4255 movetur;
889 4198 1040 4242 nam
1075 4182 1344 4244 donator
1383 4185 1860 4262 perseverantia
1880 4232 1894 4259 ‚
1943 4202 2145 4264 usque
2184 4186 2263 4247 ad
2291 4193 2646 4248 extremum

519 4286 666 4347 vitae
695 4287 971 4366 spatium
997 4287 1387 4353 voluntatem
1417 4306 1603 4352 suam
1630 4290 1970 4351 confirmat
2000 4293 2165 4370 (Vat.
2203 4291 2388 4370 Frag.
2422 4289 2641 4371 3259).
