2865 5613
1753 395 2071 458 —15-

849 530 1239 593 Donatarius
1277 528 1599 590 donatoris
1639 528 1927 590 haeredes
1962 527 2093 593 doli

846 655 1001 699 vere
1029 642 1290 716 poterat.

934 742 1100 804 Sunt
1124 742 1321 805 variae
1349 747 1656 821 praeterea
1684 741 1805 803 viae
1844 741 2079 821 quibus
2115 763 2119 803 ;

852 850 1248 912 efficiebatur
1279 870 1293 909 ε

945 954 1002 1014 1⁰
1047 955 1321 1016 Donatio
1371 953 1797 1033 promittendo
1834 953 1999 1016 facta
2064 971 2129 1019 va

855 1059 1204 1140 pulationis
1257 1061 1533 1121 formam
1594 1058 1917 1122 induebat.
1974 1059 2101 1121 Sed

853 1168 1114 1229 irritum
1150 1167 1529 1229 constituere
1570 1173 1846 1245 poterat,
1894 1166 2026 1227 sive
2063 1164 2141 1246 leg

859 1282 972 1335 aut
1011 1275 1080 1334 in
1124 1274 1363 1334 factum
1405 1272 1839 1350 exceptionem
1884 1271 2144 1338 actionil

859 1380 994 1442 sive
1034 1378 1301 1441 indebiti
1348 1378 1743 1441 condictione
1806 1383 2117 1456 repeteret

859 1489 892 1564 Ξ
922 1483 1090 1566 266.)
1759 1478 1773 1495 '

946 1589 1009 1653 2⁰
1039 1591 1260 1665 Quum
1286 1590 1542 1670 donatio
1568 1588 1899 1652 liberando
1927 1590 2091 1651 facta
2119 1590 2161 1655 ft

867 1698 1160 1760 vocanda
1195 1704 1366 1772 erat,
1412 1697 1466 1758 si
1494 1694 1884 1774 acceptilatio
1914 1696 2165 1759 adbibit

867 1806 942 1867 L.
980 1803 1043 1878 2,
1107 1801 1177 1865 C.
1220 1803 1293 1864 L.
1341 1801 1410 1878 8,
1444 1803 1517 1863 T.
1559 1802 1693 1880 44);
1740 1803 1853 1864 sed
1887 1820 2090 1881 quum
2126 1820 2171 1863 n

866 1929 950 1974 ne
979 1916 1320 1991 peteretur,
1366 1908 1834 1971 concedebatur
1869 1909 2162 1972 donatori

868 2018 925 2079 si
959 2016 1204 2079 debitor
1228 2016 1350 2078 hoc
1375 2022 1558 2095 pacto
1593 2015 1715 2076 niti
1761 2013 1972 2077 vellet.
2028 2015 2133 2095 (L.
2171 2033 2177 2077 1

951 2122 1014 2186 3ο
1043 2121 1115 2184 Si
1139 2121 1406 2184 donator
1421 2137 1658 2184 nomen
1677 2128 1952 2184 cesserat
1969 2129 2031 2183 et
2048 2122 2175 2185 inst

873 2237 1234 2293 curatorem
1259 2229 1328 2290 in
1347 2246 1488 2290 rem
1517 2245 1724 2305 suam,
1759 2228 2085 2306 negotium
2113 2237 2173 2291 tu

874 2337 1034 2399 dum
1062 2342 1199 2399 erat
1225 2353 1427 2416 quum
1453 2342 1826 2414 procurator
1842 2334 2022 2399 litem
2040 2346 2170 2398 cont

879 2443 1260 2507 solutionem
1297 2442 1662 2522 accepisset.

958 2551 1020 2610 4⁰
1075 2549 1252 2611 Inter
1317 2548 1689 2610 donationes
1746 2549 1956 2611 dando
2011 2550 2165 2612 effec

879 2663 1100 2717 utrum
1140 2655 1218 2716 de
1263 2654 1457 2717 rebus
1499 2654 1779 2734 mancipi
1818 2673 1901 2716 an
1937 2655 2017 2717 de
2052 2657 2161 2718 reb

883 2759 951 2822 Si
987 2761 1066 2823 de
1102 2777 1171 2822 re
1199 2759 1516 2841 mancipi,
1554 2759 1648 2823 rei
1675 2760 1927 2823 donatae
1965 2760 2159 2824 (1011111
2210 2782 2213 2787 ·

887 2867 1401 2930 constituendum
1448 2874 1585 2929 erat
1629 2886 1667 2929 a
1708 2868 2007 2930 donatore
2057 2886 2157 2930 ma
2210 2923 2213 2929 .

889 2973 1190 3035 cessionis
1219 2973 1426 3036 forma
1446 3020 1461 3049 ‚
1493 2974 1721 3036 deinde
1758 2974 2100 3053 possessi0‚
2142 2995 2155 3054 ]
2210 2994 2213 3036 ε

889 3079 1107 3141 reuda.
1151 3079 1406 3140 Etenim
1435 3080 1490 3139 si
1517 3097 1658 3141 rem
1685 3079 1966 3158 mancipi
1993 3067 2151 3142 tradi
2210 3105 2213 3138 ι

892 3183 1251 3246 dominium
1295 3201 1426 3247 non
1465 3184 1905 3260 transtulerat,
1956 3203 2095 3247 rem
2135 3205 2149 3246 ε
2210 3205 2213 3248 ;

893 3289 984 3351 151
1016 3290 1262 3352 traditae
1307 3292 1586 3371 exceptio
1614 3309 1652 3352 a
1687 3309 1797 3353 reo
1832 3293 2117 3370 opposita
2210 3314 2213 3352 !

893 3396 1266 3458 vincebatur
1294 3396 1374 3476 (V
1377 3404 1462 3459 at.
1496 3397 1684 3476 Frag.
1724 3402 1806 3473 §s
1832 3396 1949 3461 266
1976 3405 2039 3462 et
2066 3396 2143 3460 26
2210 3419 2213 3440 ·

897 3501 1020 3580 cipi
1063 3501 1419 3564 dominium
1455 3504 1767 3582 dedisset,
1811 3522 1931 3567 nec
1966 3523 2113 3568 eam
2210 3524 2213 3567 z

898 3614 1085 3686 atque
1111 3607 1613 3671 vindicationem
1648 3608 1959 3671 donatarii
1994 3610 2139 3688 perj
2210 3628 2213 3688 ς

900 3711 1204 3791 repellere
1232 3713 1292 3776 ei
1314 3712 1562 3800 licebat.
1599 3713 1679 3793 (V
1681 3723 1765 3777 at.
1803 3716 1990 3796 Frag.
2023 3714 2137 3794 235
2210 3766 2213 3777 .

983 3818 1084 3880 Ad
1112 3836 1331 3881 rerum
1354 3836 1473 3882 nec
1499 3821 1779 3901 mancipi
1807 3822 2133 3884 dominiun
2210 3844 2213 3883 :

906 3925 1058 3987 ditio
1085 3925 1459 3988 sufficiebat.
1493 3927 1561 3989 Si
1586 3927 1781 4006 igitur
1799 3928 2065 3991 donator
2091 3948 2131 3989 rs
2210 3949 2213 3992 1

908 4030 1010 4090 vel
1038 4050 1172 4092 rom
1208 4050 1326 4092 nec
1368 4034 1645 4110 mancipi
1690 4034 2059 4108 tradiderat,
2107 4054 2127 4092 1

914 4138 1092 4196 nium
1166 4140 1475 4198 donatarii
1531 4148 1683 4198 erat.
1755 4140 1879 4200 Sed
1937 4142 2125 4200 mobil
2210 4162 2213 4202 :

918 4262 1042 4302 non
1082 4244 1288 4302 adluis*
1348 4244 1613 4320 porrecta
1673 4254 1823 4304 orat.
1893 4248 2123 4306 Horou-f
2210 4248 2213 4304 Ξ
