2865 5613
1680 469 1959 531 -3-

755 603 1058 684 quaelibet
1087 603 1426 666 conventio
1446 651 1461 678 ‚
1494 601 1787 682 pluribus
1815 597 1979 665 effici
2010 603 2265 686 modisj

758 693 1182 788 comprobatis
1207 759 1222 787 ‚
1273 727 1430 789 quos
1508 711 1578 770 in
1633 718 1761 776 tres
1818 709 2071 771 ordines
2126 709 2269 788 poni

760 817 1170 878 donationes:

1644 986 1704 1034 1.
1742 987 2001 1035 Dando-

839 1133 1198 1196 Consistere
1241 1139 1444 1212 potest
1480 1133 1733 1196 donatio
1768 1135 1839 1195 in
1880 1133 2287 1197 alienatione.

761 1240 1102 1320 corporalis
1126 1239 1228 1302 vel
1248 1241 1418 1321 juris
1446 1240 1516 1300 111
1543 1257 1611 1301 re
1640 1239 1741 1301 vel
1770 1240 1971 1301 etiam
1991 1241 2155 1320 juris
2187 1241 2291 1302 ad:

763 1346 955 1426 Apud
994 1346 1272 1406 Veteres·
1297 1346 1491 1408 fiebat
1529 1346 1791 1408 donatio
1840 1345 2054 1407 dando
2099 1363 2296 1410 consu

761 1452 1002 1528 modia,
1045 1451 1323 1514 scilicet:
1367 1453 1865 1531 mancipatione,
1897 1453 1967 1512 in
1999 1453 2144 1532 jure
2183 1471 2301 1514 cest

762 1575 967 1636 quum
1008 1555 1088 1617 de
1137 1556 1209 1616 in
1253 1573 1324 1616 re
1363 1555 1654 1635 juribus;
1706 1555 1989 1617 cessione
2046 1554 2148 1617 vel
2190 1574 2305 1619 noi

759 1659 1018 1739 juribus
1063 1659 1143 1719 ad
1182 1677 1322 1721 rem
1367 1666 1683 1738 ageretur.
1731 1659 1812 1720 In
1852 1660 2247 1739 justinianeo
2286 1659 2310 1742 j

762 1765 1144 1827 transfertur
1189 1765 1547 1828 dominium
1594 1772 1689 1826 est
1746 1764 1880 1827 sola
1926 1766 2183 1828 traditio
2200 1814 2214 1842 ‚
2284 1783 2314 1842 e

766 1872 971 1934 solent
1024 1889 1268 1934 normae
1321 1871 1427 1934 hic
1467 1871 1702 1934 valent.
1772 1873 1878 1934 Sic
1936 1874 2192 1935 donatio
2229 1891 2319 1952 pez

766 1975 908 2038 fieri
935 1983 1160 2054 potest.
1198 1975 1295 2055 (L.
1338 1974 1406 2052 4,
1439 1974 1508 2052 6,
1547 1975 1649 2052 10,
1682 1977 1762 2037 D.
1795 1976 1861 2036 h.
1896 1977 1969 2058 t.)
2033 2045 2041 2054 ,
2272 1973 2279 1980 ’

848 2081 950 2144 Fit
975 2099 1228 2162 quoque
1260 2082 1517 2144 donatio
1537 2082 1839 2143 missione
1867 2083 1933 2143 in
1953 2083 2317 2162 possession·

769 2189 853 2250 D.
885 2189 952 2250 h.
995 2196 1078 2265 t.;
1112 2190 1186 2252 L.
1215 2187 1283 2265 6,
1313 2188 1382 2251 C.
1416 2189 1483 2250 h.
1515 2189 1623 2269 t.);
1656 2198 1844 2268 atque
1873 2189 2213 2252 constituto
2237 2207 2315 2269 po

769 2293 847 2357 35
883 2298 914 2373 Ξ
953 2295 1020 2373 5;
1074 2295 1144 2357 C.
1195 2295 1264 2356 h.
1317 2295 1410 2375 t.).
1470 2295 1823 2357 Traditioni
1883 2295 2078 2356 etiam
2126 2295 2313 2375 adjun

759 2402 967 2478 lictio,
1009 2403 1065 2463 si
1101 2404 1177 2465 ea
1212 2402 1455 2464 ratione
1492 2401 1767 2463 efficitur
1799 2410 1870 2463 ut
1898 2400 2059 2462 alius
2090 2402 2309 2480 design

763 2509 1080 2572 derelictae
1108 2509 1468 2571 dominium
1496 2508 1804 2586 acquirat.
1852 2508 1948 2586 (L.
1982 2507 2019 2570 5
2040 2557 2054 2585 ‚
2100 2509 2177 2572 D.
2228 2509 2300 2571 L.

763 2619 793 2693 Ξ
831 2614 902 2692 7,
936 2616 1026 2691 D,
1061 2615 1132 2676 L.
1169 2613 1276 2690 41,
1317 2614 1389 2674 Τ.
1440 2615 1521 2694 1.)

842 2722 1142 2785 Ceterum
1180 2721 1440 2783 donatio
1475 2729 1677 2802 potest
1716 2739 1855 2784 esse
1885 2722 2063 2803 justa
2109 2740 2302 2785 causa

765 2831 954 2893 tionis
973 2878 987 2906 ‚
1037 2829 1108 2889 in
1152 2846 1278 2908 quo
1326 2828 1603 2919 donator
1644 2846 1774 2891 non
1821 2830 2195 2891 dominium·
2231 2847 2299 2891 ex

766 2936 986 3012 habet,
1017 2934 1119 2997 vel
1147 2936 1330 3015 cujus
1359 2936 1717 2997 dominium
1738 2936 1997 3015 juribus
2024 2937 2093 2996 in
2123 2954 2190 2997 re
2220 2936 2297 2997 ci]

847 3043 909 3104 A
937 3044 1238 3105 donatore
1265 3049 1513 3105 constat
1532 3059 1664 3103 non
1680 3060 1865 3120 posse
1885 3043 2216 3104 transferri
2245 3061 2295 3121 p

770 3148 1061 3209 monium
1101 3147 1200 3207 rei
1245 3145 1623 3207 dominium.
1667 3145 1867 3227 Cujus
1914 3147 2166 3225 generis
2209 3146 2290 3209 do

770 3272 920 3316 vero
948 3254 1208 3315 domino
1235 3252 1462 3331 eripiet
1478 3252 1606 3313 nisi
1623 3252 1821 3332 hujus
1842 3270 2188 3315 consensus
2215 3253 2288 3313 in

774 3360 871 3438 21,
904 3359 1002 3434 24,
1036 3359 1106 3421 C.
1149 3358 1214 3419 11.
1248 3365 1299 3435 t;
1333 3358 1405 3419 L.
1439 3356 1477 3419 9
1513 3356 1638 3435 ,3,2,
1669 3358 1749 3419 D.
1782 3356 1847 3417 h.
1882 3356 1981 3437 t.).
2016 3357 2173 3419 Haec
2200 3364 2287 3419 ta1

776 3468 1071 3529 damento
1124 3482 1262 3527 esse
1317 3472 1527 3544 posset
1578 3465 1955 3543 usucapioni
2007 3482 2153 3543 quae
2209 3464 2285 3526 ah

777 3574 1056 3654 capionis
1084 3591 1197 3652 pro
1235 3573 1465 3635 donato
1506 3573 1680 3634 ducit
1714 3571 1821 3653 (D.
1855 3573 1925 3635 L.
1970 3570 2037 3633 41
2066 3621 2079 3649 ‚
2120 3574 2191 3634 T.
2226 3570 2280 3634 61

863 3705 894 3737 α
907 3681 1122 3743 Potest
1140 3680 1315 3742 enim
1337 3687 1400 3742 et
1419 3680 1589 3741 circa
1610 3679 1889 3757 corporis
1910 3679 2280 3741 donationes.

786 3786 876 3865 (L.
909 3786 980 3863 9,
1021 3786 1130 3848 Pr.
1153 3834 1168 3861 ‚
1202 3786 1282 3847 D.
1319 3785 1390 3846 L.
1427 3784 1508 3864 1).
1544 3784 1635 3846 Ea
1662 3783 1881 3862 regula
1909 3784 2177 3865 hujusce
2223 3802 2277 3846 cz

783 3895 1042 3972 regitur.

859 3998 939 4059 In
980 3999 1320 4060 donatione
1364 3998 1577 4059 inesse
1620 4004 1883 4076 possunt
1923 3999 2073 4077 Jura
2118 3998 2186 4056 111
2235 4015 2271 4056 r·

786 4104 1186 4165 usufructum
1230 4103 1517 4165 concedit
1568 4102 1663 4164 illi
1709 4103 1813 4164 cui
1861 4103 2170 4165 donatum
2206 4120 2269 4164 es

798 4210 1196 4270 usufructum
1243 4209 1501 4272 domino
1554 4208 1914 4288 relinquere
1960 4208 2062 4271 vel
2119 4207 2243 4270 alio

793 4315 896 4375 sed
921 4314 1028 4376 hic
1055 4333 1185 4376 non
1215 4322 1346 4376 tam
1368 4316 1477 4394 jus
1504 4316 1571 4375 in
1600 4334 1669 4376 re
1696 4333 1893 4394 quam
1922 4298 2263 4376 fu'turorun·
