2865 5613
1804 462 1883 473 -
1934 427 2003 490 13
2045 463 2126 473 .-

852 559 1452 622 constitutionibus
1480 560 1845 623 decernitur
1871 578 2015 624 eam
2044 563 2112 622 in
2133 563 2199 624 fu

849 663 1350 726 Constantinus
1388 687 1402 725 ε
1442 689 1473 721 α
1490 666 1664 727 Licet
1689 667 1758 727 in
1783 674 2088 745 potestate
2126 667 2201 730 fir

853 769 1196 831 effectum
1241 786 1280 831 a
1318 777 1495 849 patre
1544 772 1662 834 sibi
1699 771 2001 834 collatum
2037 791 2202 835 mox,

851 876 1255 953 videantur,
1303 884 1521 939 tamen
1567 886 2009 956 perseverante
2054 879 2205 942 volu

853 999 1090 1044 causa
1130 982 1488 1046 donationis
1530 983 1974 1063 hujuscemodi
1999 985 2207 1049 libera

854 1096 1066 1151 retro
1081 1089 1444 1169 principum
1462 1091 1784 1170 rescriptis
1801 1093 2205 1170 cognoscitur

863 1195 1084 1272 Frag.
1114 1197 1146 1272 ἕ
1174 1193 1341 1275 274.)

963 1302 1015 1363 J
1019 1303 1381 1364 ustinianeo
1425 1303 1497 1363 in
1540 1303 1718 1382 jure,
1773 1304 1913 1366 haec
1965 1321 2213 1384 quoque

867 1411 1394 1473 discernendum
1437 1411 1520 1473 sit
1574 1413 1743 1474 inter
1788 1421 2072 1491 apertam
2128 1421 2215 1493 atr]

870 1519 1156 1580 tionem.
1190 1518 1258 1580 Si
1286 1518 1470 1580 tacite
1500 1519 1912 1580 confirmetur
1938 1519 2193 1582 donatio

869 1625 1274 1704 quingentos
1312 1622 1545 1689 solidos
1579 1624 1890 1703 procedit,
1930 1633 2219 1703 gestorum

872 1732 1106 1806 viVOS‚
1151 1730 1510 1810 subjicitur,
1544 1731 1645 1791 sin
1675 1739 1919 1810 aperte,
1961 1732 2134 1793 utin
2176 1750 2219 1792 si

876 1835 1210 1911 firmetur,
1251 1834 1533 1910 donati0‚
1572 1829 1770 1898 nulli's
1806 1837 2217 1901 interveniem

890 1959 1058 2020 pore
1087 1961 1163 2004 ex
1190 1959 1316 2022 quo
1346 1942 1727 2006 confirmata
1750 1950 1847 2005 est
1872 1943 2059 2006 valet.
2096 1943 2192 2022 (L.

1737 2259 2023 2323 CAPUT
2065 2259 2179 2321 VI.

895 2476 1014 2539 De
1049 2473 1495 2556 prohibitis
1539 2472 1676 2537 vel
1725 2471 2058 2536 omnino
2111 2487 2203 2536 ve

1103 2581 1473 2645 tionibus
1516 2584 1599 2644 et
1634 2579 2111 2660 specialiter
2148 2577 2201 2641 d

983 2791 1284 2856 Donandi
1320 2790 1428 2871 jus
1476 2790 1871 2856 contrahitur
1915 2808 2046 2853 non
2091 2809 2197 2854 mo

904 2898 1181 2962 donandi
1205 2898 1476 2961 minime
1503 2907 1819 2978 compotes
1836 2945 1851 2973 ‚
1880 2904 1954 2960 ut
1972 2916 2167 2977 supra
2193 2935 2194 2943 κ

907 3013 1053 3067 sunt
1069 3004 1285 3085 plures
1311 3005 1485 3085 leges
1512 3014 1657 3068 ante
1685 3005 1726 3067 J
1731 3004 2127 3067 ustinianum
2150 3005 2193 3066 il

906 3113 1274 3175 donationes
1302 3112 1741 3192 prohibentur.

982 3220 1130 3281 Jam
1157 3234 1327 3281 anno
1354 3219 1437 3281 U.
1468 3218 1538 3281 C.
1577 3217 1723 3294 DL,
1770 3216 1872 3279 lex
1914 3217 2135 3280 Cincia
2168 3218 2189 3278 (’

911 3322 1304 3402 plebiscitum
1346 3329 1608 3401 rogante
1668 3322 1924 3385 tribuno
1985 3322 2075 3384 M.
2128 3322 2187 3385 Cf

913 3430 1276 3492 donationes
1303 3430 1483 3491 rexit.

989 3536 1193 3615 Hujus
1235 3534 1396 3612 legis
1431 3533 1718 3612 primum
1766 3540 1955 3611 caput
1992 3531 2183 3611 prohif

919 3642 1206 3703 urendam
1231 3639 1572 3720 pecuniam
1598 3638 1917 3700 donumve
1946 3638 2179 3718 accipis

991 3747 1200 3809 Altero
1243 3748 1445 3825 capite
1491 3753 1703 3809 certus
1749 3746 1978 3808 modus
2023 3746 2175 3825 poni

922 3854 1045 3917 fieri
1070 3861 1270 3936 potest
1304 3853 1582 3917 donatio.
1640 3852 1766 3927 Qui
1806 3848 2038 3915 modus
2082 3868 2175 3915 no=

926 3970 1115 4028 tamen
1148 3960 1365 4040 plures
1398 3959 1575 4021 hunc
1608 3958 1969 4039 quingentis
2003 3957 2173 4023 solid·

652 4104 661 4207 Ι
929 4076 1163 4130 censent
1206 4076 1270 4129 et
1317 4067 1400 4129 ad
1437 4083 1584 4130 eam
1617 4081 1769 4127 vero
1809 4064 2065 4127 adducti
2102 4082 2171 4125 su

932 4174 1098 4236 Furia
1144 4174 1222 4234 de
1257 4190 1497 4252 sponsu
1535 4172 1615 4232 ad
1657 4171 1829 4232 idem
1876 4178 2125 4246 tempus

938 4300 1094 4358 supra
1130 4290 1366 4340 certam
1399 4280 1847 4356 quantitatem,
1883 4276 2113 4336 scilicet
2143 4296 2163 4330 s
