2865 5613
1405 450 1683 512 ..4.-

484 583 718 644 tionem
767 582 1018 659 recepit.
1090 580 1564 642 Ususructuarii
1602 581 1790 643 modo
1810 627 1824 656 ,
1884 582 1938 642 is
1980 583 2084 646 cui
2152 583 2456 646 donatum
2500 585 2607 648 'est

481 691 682 752 utitur
701 687 798 767 (L.
840 687 911 750 12
947 690 978 766 ἕ
1007 687 1076 764 3,
1119 685 1230 764 38,
1262 686 1368 764 40,
1399 688 1594 774 D.5L.
1636 686 1743 764 27,
1778 689 1851 752 Τ.
1893 688 1973 769 1).
2020 690 2191 752 Usus
2226 707 2477 770 quoque
2504 691 2607 756 vel

479 795 783 857 habitatio
814 794 1008 856 alicui
1044 794 1209 856 dono
1247 794 1385 855 dari
1412 792 1517 855 vel
1544 793 1801 857 domino
1829 795 2075 857 restitui
2101 802 2305 876 potest
2364 796 2459 876 (L.
2501 795 2601 872 27,

480 903 559 963 Ι).
598 902 665 963 h.
700 902 796 982 t.).
841 902 1115 963 Donatio
1146 900 1469 962 servitutis
1505 902 1782 980 perfecta
1817 900 2193 980 intelligitur
2219 900 2329 981 (L.
2374 901 2477 978 17,
2518 903 2598 964 D.

479 1009 550 1069 L.
579 1007 636 1085 8,
661 1010 733 1070 Τ.
756 1006 840 1088 4).
865 1006 1137 1068 Domino
1157 1006 1641 1086 emphyteuseos
1654 1006 1762 1086 jus
1781 1007 2207 1068 censtituendi
2227 1007 2491 1070 facultas
2510 1016 2607 1072 est

476 1117 548 1176 in
575 1113 960 1176 beneficium
990 1113 1304 1176 donatarii
1329 1113 1473 1192 qui,
1504 1113 1573 1175 id
1591 1103 1731 1193 juS,
1761 1113 2041 1176 donandi
2067 1115 2313 1191 animo,
2347 1115 2604 1179 domino

371 1295 388 1316 .
477 1219 744 1282 reddere
763 1217 865 1280 vel
885 1219 966 1280 ad
985 1218 1184 1280 alium
1205 1219 1551 1280 transferre
1570 1225 1773 1297 potest
1800 1218 1895 1297 (L.
1936 1217 1999 1296 1,
2031 1218 2099 1281 C.
2133 1220 2204 1285 L.
2238 1219 2299 1280 11
2326 1267 2341 1295 ,
2365 1221 2439 1282 Τ.
2474 1219 2597 1300 61).

475 1327 701 1390 Eidem
759 1327 888 1406 legi
949 1327 1284 1408 subjicitur
1339 1326 1731 1406 superficies.
1810 1325 1917 1405 (L.
1968 1326 1991 1386 1
2054 1329 2085 1404 ἕ
2124 1326 2189 1403 7,
2248 1327 2327 1388 D.
2370 1327 2441 1389 L.
2492 1324 2599 1404 43,

479 1436 551 1496 Τ.
591 1431 712 1513 18.)

911 1629 1008 1680 ΙΙ.
1054 1627 1437 1692 obligando
1474 1629 1577 1680 vel
1618 1629 2117 1681 humittando.

552 1751 912 1814 Donatione
940 1748 1285 1829 aliquando
1315 1767 1483 1829 saepe
1515 1751 1623 1831 jus
1662 1751 1744 1812 ad
1768 1767 1903 1813 rem
1933 1751 2369 1826 constituitur,
2402 1751 2457 1813 si
2484 1751 2600 1814 do-

470 1862 660 1918 nator
685 1857 1092 1936 sponsionem
1119 1856 1418 1936 spondet,
1460 1873 1587 1934 qua
1606 1855 1753 1918 licet
1779 1856 2107 1918 donatario
2136 1855 2377 1936 aliquid
2404 1875 2443 1920 a
2480 1859 2597 1921 do-

469 1969 689 2024 natore
715 1960 817 2024 vel
846 1962 927 2023 ab
955 1961 1080 2023 alia
1104 1979 1376 2040 persona
1401 1969 1635 2044 petere.

547 2067 588 2129 J
592 2085 706 2130 ure
743 2068 814 2130 in
847 2068 1110 2147 antiquo
1143 2068 1503 2130 necessario
1538 2067 1901 2129 adhibenda
1936 2077 2073 2130 erat
2107 2069 2404 2148 quaedam
2446 2085 2598 2131 con-

471 2174 681 2236 ventio
717 2191 846 2253 qua
866 2174 1032 2254 juris
1071 2169 1402 2236 vinculum
1431 2173 1791 2236 secundum
1819 2173 2103 2238 Civitatis
2131 2173 2299 2253 leges
2327 2173 2603 2237 invales-

469 2280 651 2342 cebat
682 2301 694 2340 :
738 2279 805 2341 id
834 2286 930 2340 est
957 2279 1277 2359 stipulatio
1315 2287 1428 2342 aut
1452 2279 1677 2342 litteris
1718 2287 2097 2342 contractus.
2145 2281 2411 2342 Nudum
2446 2297 2599 2343 sane

468 2391 725 2463 pactum
751 2381 916 2444 nihil
943 2382 1121 2445 aliud
1146 2383 1527 2446 instituisset
1544 2400 1742 2463 quam
1768 2382 2129 2446 naturalem
2150 2383 2600 2463 obligationem

470 2491 652 2570 cujus
679 2488 1066 2554 solutionem
1093 2489 1492 2566 donatariuS,
1541 2489 1896 2555 actionibus
1925 2490 2393 2566 deficientibuS,
2422 2509 2599 2553 nun-

467 2613 664 2675 quam
694 2596 938 2676 J'udicio
965 2596 1388 2675 persequendi
1408 2595 1774 2658 facultatem
1810 2597 2161 2660 habuisset.
2214 2597 2307 2660 Ex
2335 2615 2411 2660 eo
2436 2598 2599 2660 orie·-

466 2703 701 2764 bantur
735 2702 865 2764 rari
891 2702 1150 2764 effectus
1185 2703 1298 2781 qui
1333 2703 1492 2764 nudi
1520 2703 1686 2782 pacti
1714 2703 2046 2781 proprium
2076 2710 2280 2766 erant.

547 2808 765 2883 Quum
819 2827 970 2873 vero
1009 2828 1219 2873 mores
1259 2809 1548 2889 gentium
1607 2818 1794 2890 atque
1839 2810 2349 2891 jurisprudentia
2390 2811 2596 2889 magis

467 2916 798 2995 magisque
825 2922 1298 2995 processerunt,
1329 2916 1469 2979 haec
1498 2924 1817 3008 praecepta
1848 2934 1883 2979 e
1912 2900 2131 2995 rigidis
2160 2916 2415 2981 mitiora
2444 2934 2595 2981 eva-

471 3029 716 3083 serunt.

544 3127 585 3188 J
587 3144 694 3189 am
738 3128 941 3189 Divus
975 3126 1342 3191 Antoninus
1380 3127 1539 3188 Pius
1580 3128 1858 3190 donandi
1896 3128 2284 3207 promissum
2319 3128 2489 3193 inter
2512 3128 2595 3190 li-

467 3236 651 3297 beros
691 3252 764 3297 ac
801 3242 1096 3313 parentes
1127 3235 1336 3297 sanxit
1387 3234 1573 3313 (Vag.
1616 3234 1801 3313 Frag.
1844 3239 1875 3313 ἕ
1923 3233 2087 3316 314).
2143 3235 2596 3299 Constantinus

465 3342 665 3422 hujus
685 3342 1018 3405 sententiae
1036 3342 1419 3405 memoriam
1440 3342 1830 3421 redintegrat
1857 3348 2045 3421 atque
2064 3358 2210 3405 eam
2228 3341 2589 3405 confirmat:

468 3473 503 3505 ,α
523 3449 719 3513 Juxta
746 3449 878 3511 divi
919 3448 1022 3510 Pii
1039 3498 1053 3526 ,
1101 3447 1564 3511 consultissimi
1619 3449 1921 3528 principis
1937 3496 1951 3524 ,
2009 3449 2327 3523 instituta,
2381 3447 2594 3511 valere

466 3556 836 3619 donationes
872 3554 1080 3636 placet
1121 3556 1290 3617 inter
1323 3555 1557 3617 liberos
1594 3564 1656 3619 et
1694 3562 2022 3634 parentes,
2070 3556 2142 3617 in
2190 3570 2594 3635 quocumque

467 3661 598 3725 solo
625 3669 688 3725 et
721 3661 1061 3744 cujuslibet
1098 3663 1194 3724 rei
1235 3660 1581 3725 liberalitas
1634 3662 2004 3742 probabitur
2058 3661 2399 3736 exstitisse,
2448 3659 2595 3722 licet

465 3786 672 3849 neque
691 3768 1076 3847 mancipatio
1095 3768 1364 3845 dicatur,
1387 3786 1597 3848 neque
1618 3768 1876 3831 traditio
1896 3767 2263 3843 subsecuta,
2286 3766 2399 3829 sed
2416 3764 2593 3830 nuda

465 3882 717 3936 tantum
763 3873 1054 3938 voluntas
1094 3874 1418 3950 claruerit,
1461 3892 1603 3954 quae
1646 3891 1777 3937 non
1818 3873 2081 3935 dubium
2124 3872 2462 3935 consilium
2498 3878 2593 3935 te·

415 4062 420 4069 Ι
465 3988 639 4058 neat,
683 3998 802 4043 nec
835 3982 1150 4045 incertum
1169 4029 1184 4056 ,
1231 3981 1341 4043 sed
1377 3982 1699 4061 judicium
1746 3980 1946 4043 animi
1990 3979 2117 4042 tale
2162 3979 2470 4060 proferat,
2519 3985 2593 4039 ut

465 4086 648 4149 nulla
675 4087 941 4167 quaestio
956 4086 1303 4151 voluntatis
1321 4087 1521 4166 possit
1547 4088 1888 4167 irrepere.»
1925 4084 2022 4165 (L.
2046 4084 2081 4147 4
2102 4135 2117 4163 ,
2162 4084 2230 4147 C.
2268 4085 2387 4147 Th.
2428 4085 2501 4147 L.
2528 4082 2587 4159 8,

467 4193 542 4255 Τ.
580 4191 702 4275 12.)

549 4300 826 4375 Sufficit,
858 4301 1012 4362 dixit
1038 4300 1279 4363 Paulus
1331 4299 1539 4378 (Paul.
1568 4298 1776 4375 Sent.,
1808 4300 1880 4362 L.
1917 4298 1982 4376 4,
2018 4298 2088 4359 Τ.
2126 4298 2191 4375 Ι,
2220 4302 2251 4375 ἓ
2283 4298 2377 4379 4),
2420 4299 2588 4361 inter
