2865 5613
1536 497 1616 504 -
1656 459 1733 522 20
1774 495 1852 504 .-

636 591 728 668 (L.
775 590 842 666 9,
887 590 956 652 C.
1005 591 1069 651 h.
1103 592 1198 671 t.).
1248 590 1650 652 Generaliter
1689 592 1960 670 denique
2003 593 2331 654 constituit
2357 592 2740 654 Justinianus

631 716 850 759 omnes
873 698 1242 761 donationes
1270 697 1407 776 lege
1428 699 1743 761 coniectas
1765 699 2047 761 revocari
2074 717 2287 777 posse,
2326 699 2383 760 si
2406 697 2741 760 donationis

630 812 914 882 acceptor
932 804 1217 882 ingratus
1232 803 1402 866 circa
1420 804 1789 866 donatorem
1808 804 2194 866 inveniatur.
2223 804 2324 884 (L.
2356 804 2451 880 10,
2476 804 2545 866 C.
2569 805 2631 864 h.
2653 803 2715 882 t.)

1793 940 1821 975 0

703 1019 733 1092 ἕ
767 1017 820 1078 1.
858 1019 996 1088 Quae
1020 1025 1073 1076 et
1099 1027 1238 1093 quot
1265 1018 1388 1078 sint
1414 1018 1874 1094 ingratitudinis
1900 1036 2091 1081 causae
2107 1053 2191 1063 -
2210 1017 2518 1098 Quinque
2544 1019 2743 1096 ingra-

627 1113 914 1184 titudinis
972 1139 1180 1184 causae
1228 1140 1303 1183 ex
1350 1123 1711 1201 supradicta
1766 1124 2211 1188 constitutione
2267 1126 2738 1204 exprimuntur:

625 1246 744 1289 nec
783 1234 984 1306 potest
1032 1227 1172 1289 aliis
1219 1247 1292 1291 ex
1337 1229 1545 1290 causis
1599 1231 1883 1291 revocari
1927 1230 2183 1292 donatio
2228 1232 2389 1310 quia
2417 1231 2745 1309 imperator

625 1335 816 1397 addit.
882 1360 911 1390 α
933 1336 1027 1396 Ex
1057 1336 1158 1397 his
1190 1336 1630 1397 tantummodo
1678 1336 1886 1396 causis
1942 1336 1995 1397 51
2034 1336 2274 1399 fuerint
2332 1337 2402 1397 in
2443 1335 2742 1417 judicium

626 1440 920 1503 dilucidis
959 1441 1350 1519 argumentis
1399 1438 1902 1518 cognitionaliter
1956 1443 2318 1521 approbatae
2336 1493 2351 1520 ‚
2401 1444 2597 1506 etiam
2640 1442 2743 1502 do-

623 1548 911 1608 nationes
940 1547 1008 1607 111
1037 1565 1141 1610 eos
1169 1548 1360 1609 factas
1387 1547 1585 1608 everti
1624 1547 2051 1609 concedimus,

675 1711 679 1718 .
705 1654 826 1715 Hae
856 1660 1040 1715 sunt:

707 1759 766 1819 1⁰
807 1758 876 1820 Si
921 1760 975 1819 is
1020 1760 1121 1819 cui
1169 1758 1502 1820 donatum*
1529 1766 1624 1819 est
1666 1759 1937 1837 injurias
1981 1768 2221 1821 atroces
2265 1761 2339 1821 in
2376 1761 2739 1822 donatorem

621 1865 930 1927 effuderit.

697 1969 775 2046 2⁰,
791 1971 858 2032 Si
883 1988 1117 2032 manus
1153 1968 1382 2049 impias
1406 1970 1715 2033 intulerit.

697 2076 758 2138 3⁰
801 2076 871 2138 Si
899 2077 1166 2156 jacturae
1208 2077 1445 2141 molem
1471 2096 1545 2140 ex
1580 2077 1830 2138 insidiis
1860 2076 1993 2138 suis
2028 2077 2400 2157 ingesserit,
2432 2093 2577 2156 quae
2620 2090 2738 2135 non

615 2184 827 2245 levem
855 2201 1116 2247 sensum
1145 2184 1516 2248 substantiae
1542 2182 1864 2247 'donatoris
1891 2183 2283 2263 imposuerit.
2372 2205 2375 2207 “
2469 2168 2495 2187 ”

695 2290 757 2350 4⁰
786 2290 854 2353 Si
891 2292 1034 2353 vitae
1064 2290 1423 2370 periculum
1453 2291 1706 2372 aliquod
1734 2291 1795 2352 ei
1820 2289 2125 2352 intulerit.

695 2396 756 2458 5⁰
773 2379 864 2460 .Si
888 2399 1201 2478 quasdam
1229 2398 1675 2460 conventiones
1704 2397 1838 2458 sive
1864 2396 1935 2457 in
1972 2396 2219 2475 scriptis
2247 2392 2583 2458 donationi
2612 2391 2727 2450 im-

611 2504 877 2581 positaS‚
911 2503 1042 2564 sive
1079 2503 1216 2564 sine
1256 2502 1503 2580 scriptis
1539 2501 1819 2579 hahitaS‚
1858 2521 2017 2583 quas
2060 2503 2422 2564 donationis
2456 2504 2728 2577 acceptor

615 2607 947 2688 spopondit
973 2607 1241 2673 minime
1268 2605 1536 2687 implere
1573 2606 1863 2670 voluerit.

694 2715 888 2776 Hisce
917 2713 1121 2776 solent
1151 2714 1603 2794 comprehendi
1631 2714 1995 2778 versiculis:

895 2848 1225 2932 «Quinque
1253 2849 1459 2921 modis
1496 2849 1720 2928 perd0‚
1754 2848 1916 2909 mihi
1942 2866 2088 2928 quae
2119 2848 2355 2910 donata
2382 2850 2595 2911 fuere:

897 2956 1145 3018 «Infero
1183 2957 1238 3017 si
1266 2957 1579 3017 damnum
1606 2955 1884 3035 graviter
1910 2955 2207 3019 donantis
2236 2955 2308 3015 in
2332 2973 2462 3018 aere
2484 2978 2499 3031 3

894 3061 999 3124 «Si
1025 3080 1137 3140 per
1165 3080 1268 3129 me
1298 3063 1378 3124 sit
1403 3062 1557 3123 huic
1586 3069 1762 3124 atrox
1788 3063 2027 3142 iniuria
2061 3062 2256 3137 facta,

899 3170 1013 3231 «Et
1040 3187 1162 3230 sua
1184 3186 1455 3248 persona
1480 3167 1700 3231 lethali
1727 3168 2001 3229 vulnere
2031 3174 2199 3229 tacta

895 3276 1199 3350 «Quando
1237 3293 1369 3337 suae
1396 3275 1543 3337 vitae
1573 3272 1910 3337 crudeliter
1937 3273 2314 3349 insidiabor3

895 3382 1265 3462 «Ingratum
1295 3381 1396 3443 dic
1420 3399 1555 3458 me,
1588 3382 1643 3441 si
1672 3382 1915 3461 fregero
1948 3388 2225 3460 pactum.

690 3514 844 3577 Vel:

892 3620 1267 3699 «Ingratum
1291 3622 1561 3695 faciunt,
1593 3628 1769 3684 atrox
1795 3620 2065 3701 injuria,
2098 3620 2408 3681 damnum
2426 3669 2440 3697 ‚

894 3727 1413 3804 «Impiadextra,
1446 3727 1604 3788 fides
1633 3727 1859 3804 fracta,
1889 3724 2127 3806 pericla
2151 3726 2389 3786 necis.»

693 3886 771 3946 In
811 3885 1036 3949 ultimo
1072 3885 1547 3965 ingratitudinis
1588 3904 1739 3948 casu
1778 3894 1840 3948 et
1884 3886 2045 3949 actio
2090 3903 2235 3965 quae
2280 3885 2585 3948 adversus
2622 3881 2720 3940 in-

611 3999 862 4071 gratum
902 3994 1091 4055 datur
1132 3994 1213 4053 ad
1262 3994 1686 4068 revocandam
1736 3980 2142 4055 donationem
2209 4000 2272 4054 et
2324 3992 2517 4054 etiam
2572 4003 2721 4049 con-

611 4098 804 4159 dictio
856 4115 1049 4160 causa
1104 4099 1250 4160 data
1302 4104 1498 4160 causa
1549 4115 1680 4179 non
1736 4105 1968 4161 secuta.
2020 4098 2159 4161 Hoc
2205 4098 2475 4178 probant
2512 4095 2720 4175 plures

610 4205 1065 4282 imperatorum
1112 4204 1588 4266 constitutiones
1628 4206 1725 4286 (L.
1759 4204 1827 4281 3,
1863 4203 1935 4280 8,
1968 4203 2036 4265 C.
2083 4205 2153 4265 L.
2189 4205 2226 4266 4
2247 4254 2261 4282 ‚
2296 4206 2367 4266 Τ.
2401 4205 2487 4287 6).
2545 4204 2720 4265 Prae-

613 4320 784 4373 terea
828 4311 987 4371 actio
1028 4328 1158 4372 non
1213 4312 1436 4389 primis
1492 4312 1775 4389 personis
1832 4310 2426 4373 circumscribitur:
2481 4307 2718 4372 placita
