2865 5613
1357 450 1437 460 -
1485 415 1554 477 10
1597 450 1677 461 -

457 551 713 628 nuptias
777 549 1069 612 ducentis
1125 549 1342 612 solidis
1389 549 1723 612 inferiores
1761 549 2042 613 exclusit.
2092 551 2197 629 (L.
2245 549 2312 628 8,
2353 551 2429 614 C.
2470 551 2608 613 Th.

459 654 532 715 L.
565 655 602 717 3
619 705 633 732 ,
665 657 738 717 T.
771 655 858 736 5.)

535 759 941 822 Justinianus
996 761 1204 821 sanxit
1243 777 1505 823 omnem
1545 760 1956 822 donationem
1998 761 2130 822 sive
2176 777 2619 822 communem
2664 764 2667 765 ’

390 907 397 914 -
460 867 594 927 sive
622 873 767 928 ante
794 866 1050 945 nuptias
1077 867 1314 928 factam
1352 884 1556 946 usque
1586 865 1668 928 ad
1695 875 2007 929 trecentos
2037 858 2267 929 solidos
2293 865 2619 928 cumula-

459 959 594 1033 tam
619 988 751 1034 non
776 972 1065 1052 indigere
1101 973 1538 1045 monumentis
1575 973 1689 1034 sed
1721 989 2133 1042 ncommunem
2166 972 2446 1035 formam
2485 971 2623 1033 ha-

460 1073 610 1137 bere
641 1073 738 1154 (L.
770 1072 879 1150 34,
913 1073 983 1135 C.
1015 1073 1082 1135 h.
1117 1074 1223 1155 t.),
1256 1082 1318 1136 et
1351 1082 1568 1153 postea
1599 1075 1962 1137 adhibenda
1988 1076 2111 1138 fuit
2137 1075 2347 1138 solum
2371 1082 2617 1155 gesto-

461 1199 612 1243 rum
653 1179 1020 1244 solemnitas
1039 1230 1054 1260 ,
1101 1180 1342 1245 scilicet
1382 1182 1737 1245 insinuatio
1753 1231 1767 1260 ,
1820 1183 1877 1244 si
1914 1183 2411 1262 quingentorum
2438 1182 2617 1245 soli-

464 1289 694 1351 dorum
732 1301 1056 1350 summam
1082 1287 1494 1367 egrederetur
1523 1290 1797 1353 donatio.
1836 1288 1932 1369 (L.
1965 1287 2044 1352 36
2078 1292 2107 1367 Ξ
2136 1287 2201 1367 3,
2234 1289 2303 1351 C.
2334 1289 2401 1351 h.
2436 1289 2523 1369 t.)

543 1395 613 1458 Si
653 1394 809 1475 quid
849 1402 1064 1457 autem
1103 1412 1300 1474 supra
1335 1395 1689 1475 legitimam
1734 1396 2176 1458 definitionem
2212 1395 2441 1458 fuisset
2491 1395 2621 1459 do-

466 1505 695 1562 natum
719 1547 734 1576 ,
782 1499 953 1578 quod
1009 1517 1482 1578 supervacuum
1528 1508 1730 1579 esset,
1762 1501 2206 1563 tantummodo
2250 1518 2383 1562 non
2415 1500 2620 1563 vale-

463 1605 600 1680 bat,
645 1602 893 1684 reliqua
927 1622 1078 1666 vero
1102 1605 1452 1684 quantitaS,
1485 1622 1629 1685 quae
1670 1605 1843 1666 intra
1889 1603 2047 1683 legis
2097 1605 2397 1667 terminos
2431 1622 2616 1668 con-

467 1711 691 1773 stituta
728 1719 884 1788 erat,
920 1711 990 1771 in
1029 1729 1144 1773 suo
1176 1710 1401 1772 robore
1426 1709 1844 1790 perdurabat,
1888 1711 2078 1790 quasi
2108 1710 2289 1773 nullo
2317 1712 2495 1790 poeni
2506 1719 2617 1773 tus

468 1814 594 1894 alio
621 1816 897 1896 adject0,
940 1817 1052 1877 sed
1083 1815 1206 1878 hoc
1238 1834 1511 1896 pronon
1538 1817 1769 1896 scripto
1806 1815 1908 1879 vel
1950 1835 2083 1881 non
2107 1816 2428 1880 intellecto
2458 1835 2617 1880 esse

467 1923 847 1986 credebatur
873 1931 934 1985 et
963 1941 1047 1986 ne
1065 1924 1441 2003 usucapioni
1470 1925 1729 2004 quidem
1755 1925 2056 2004 prodesse
2081 1932 2343 2004 poterat.
2384 1923 2483 2004 (L.
2526 1922 2614 1986 34

469 2029 580 2090 Pr.
613 2029 684 2092 C.
715 2029 782 2092 h.
814 2031 889 2111 t.)

549 2136 723 2198 Hinc
758 2137 831 2198 fit
856 2143 929 2199 ut
954 2137 1224 2201 donator
1248 2139 1362 2218 qui
1382 2138 1522 2218 jam
1548 2138 1956 2203 donationem
1983 2140 2275 2219 perfecit,
2305 2159 2420 2220 per
2446 2157 2617 2202 con-

468 2241 816 2306 dictionem
837 2242 1106 2306 indebiti
1134 2250 1580 2308 excurrentem
1616 2234 1944 2306 summam
1968 2250 2251 2324 repetere
2274 2243 2491 2323 possit.
2536 2243 2613 2306 Si

468 2364 603 2409 non
635 2347 707 2409 in
743 2349 1019 2427 pecunia
1056 2349 1342 2412 consistit
1372 2368 1477 2412 res
1517 2350 1781 2428 donata,
1820 2369 1897 2413 ea
1934 2351 2294 2414 communis
2332 2351 2612 2412 donanti

469 2453 827 2534 donatoque
853 2454 926 2516 fit
942 2502 956 2530 ,
986 2454 1078 2517 ita
1112 2463 1184 2518 ut
1217 2457 1529 2535 posterior
1555 2458 1753 2537 partis
1782 2457 2142 2520 dominium
2170 2458 2253 2519 ad
2278 2457 2613 2536 quingen-

466 2568 680 2622 torum
697 2560 1046 2624 solidorum
1069 2563 1270 2625 finem
1290 2565 1604 2643 acquirat,
1636 2564 1794 2626 dum
1820 2564 1993 2643 prior
2012 2562 2337 2643 reliquum
2364 2570 2608 2625 servet.

470 2665 612 2728 Hoc
655 2666 724 2727 in
776 2665 929 2729 casu
971 2669 1084 2748 qui
1131 2668 1507 2750 ampliorem
1550 2676 1800 2750 partem
1858 2671 1954 2732 rei
2015 2670 2332 2750 possidet,
2397 2687 2480 2732 ne
2528 2688 2613 2732 ex

473 2772 925 2838 communione
980 2774 1222 2838 oriatur
1276 2776 1597 2839 contentio
1612 2824 1627 2853 ,
1678 2777 1786 2857 jus
1840 2775 2032 2841 habet
2080 2774 2175 2839 illi
2233 2775 2335 2839 cui
2389 2776 2612 2840 minor

476 2897 671 2943 causa
716 2888 835 2955 est,
888 2880 1203 2961 reliquam
1249 2883 1689 2945 aestimationis
1733 2884 2157 2963 quantitatem
2197 2880 2501 2944 offerendi
2543 2889 2611 2945 et

476 2993 682 3050 totum
709 2988 1099 3066 possidendi.
1136 2988 1230 3069 (L.
1265 2988 1343 3052 34
1378 2994 1408 3070 ἕ
1437 2989 1505 3067 2,
1537 2990 1607 3053 C.
1637 2990 1703 3052 h.
1735 2992 1809 3072 t.)

555 3094 646 3155 Eo
665 3094 883 3155 animo
898 3094 1190 3156 instituta
1207 3101 1343 3156 erat
1355 3094 1499 3157 haec
1524 3102 1849 3174 gestorum
1868 3096 2203 3173 cenfectio,
2232 3102 2299 3157 ut
2316 3094 2608 3174 primum

477 3198 864 3276 probationis
908 3199 1014 3261 via
1049 3199 1442 3278 praeberetur
1457 3248 1471 3277 ,
1528 3207 1591 3262 et
1642 3200 1919 3263 secundo
1956 3207 2030 3262 ut
2073 3200 2607 3285 impediretur-ne

476 3304 873 3383 gravissimae
901 3305 1274 3367 donationes
1301 3304 1664 3367 inconsulto
1692 3306 2112 3368 efficerentur.

557 3411 932 3473 Donationis
988 3411 1310 3489 quantitas
1356 3429 1430 3473 eo
1447 3460 1461 3489 ,
1510 3429 1637 3490 quo
1684 3411 2053 3474 donatarius
2098 3430 2173 3474 ex
2230 3416 2373 3473 acto
2424 3409 2609 3474 locu-

476 3514 780 3596 pletatur,
833 3518 1206 3579 aestimatur.
1240 3516 1366 3580 Sed
1401 3517 1473 3578 in
1522 3518 1881 3580 donationis
1931 3518 2242 3580 rationem
2281 3534 2413 3579 non
2455 3524 2611 3580 sunt

479 3622 865 3701 conputandi
892 3639 1013 3684 nec
1058 3640 1093 3686 e
1132 3623 1325 3686 rebus
1354 3621 1604 3685 donatis
1644 3623 1887 3685 fructus
1926 3624 2235 3702 percepti,
2279 3640 2399 3685 nec
2443 3639 2607 3701 pen-

480 3729 726 3807 siones,
769 3747 890 3792 nec
930 3729 1290 3806 mercedeS,
1337 3747 1457 3791 nec
1498 3737 1719 3807 partus
1769 3728 1867 3808 (L.
1922 3729 2025 3805 11,
2077 3729 2157 3790 D.
2207 3729 2273 3789 h.
2324 3729 2431 3809 t.);
2480 3730 2609 3791 nisi

480 3842 699 3897 tamen
727 3854 804 3898 ex
829 3835 932 3897 his
952 3843 1192 3899 constet
1211 3852 1362 3897 vera
1391 3836 1669 3898 donatio.
1697 3834 1767 3897 Si
1793 3852 1896 3896 res
1924 3833 2200 3913 obligata
2218 3835 2448 3896 donata
2477 3841 2604 3912 est,

481 3949 687 4003 sunta
706 3942 802 4003 rei
824 3942 1026 4021 pretio
1057 3941 1436 4005 deducenda
1462 3958 1679 4005 onera.
1735 3939 1832 4019 (L.
1862 3940 1934 4002 18
1957 3942 1987 4019 ἓ
2007 3938 2065 4018 3,
2090 3940 2173 4002 D.
2199 3941 2272 4002 L.
2298 3939 2397 4017 39,
2419 3940 2492 4001 Τ.
2516 3938 2606 4021 6.)

561 4047 632 4110 Si
661 4047 804 4127 quis
839 4065 953 4126 per
980 4048 1231 4116 diversa
1258 4054 1544 4127 tempora
1571 4046 1788 4127 plures
1815 4046 2187 4109 donationes
2214 4047 2283 4108 in
2313 4045 2610 4118 eamdem

484 4154 767 4215 conferat
793 4170 1159 4232 personam,
1183 4170 1327 4231 quae
1348 4153 1614 4231 quidem
1642 4152 1992 4232 conjunctae
2019 4150 2371 4231 legitimam
2399 4167 2608 4230 quan-

484 4259 729 4322 titatem
783 4259 1120 4336 excedant,
1174 4276 1329 4337 opus
1377 4275 1508 4320 non
1556 4266 1645 4319 est
1700 4240 2171 4335 insinuatione,
2221 4256 2347 4318 nisi
2394 4264 2607 4318 tamen
