2865 5613
1450 408 1729 468 -2-
2348 430 2381 463 ο

529 542 618 602 sic
661 547 732 602 ut
762 540 937 619 justa
983 557 1174 602 causa
1203 541 1611 604 traditionem
1653 541 1753 602 vel
1790 543 2253 622 usucapionem
2294 544 2640 632 confirmat.

529 648 784 710 Etenim
821 647 878 708 si
915 665 992 708 ex
1023 664 1218 709 causa
1245 647 1603 710 donationis
1637 647 1880 727 praedia
1914 650 2257 711 traduntur
2292 651 2431 712 sine
2459 651 2650 713 dubio

527 755 1002 816 transferuntur
1029 752 1241 832 (Inst.,
1283 755 1354 816 L.
1388 753 1483 830 II,
1516 755 1589 816 T.
1626 756 1681 830 1,
1712 757 1743 832 ἒ
1771 754 1895 834 4Ο);
1940 764 2130 836 atque
2168 775 2268 819 res
2298 765 2512 837 empta
2549 755 2651 818 vel

529 878 606 922 ex
633 860 970 922 donatione
991 850 1243 939 accepta
1269 854 1539 939 usucapi'
1561 867 1781 939 potest.
1827 860 2040 941 (Inst.,
2073 863 2144 924 L.
2179 862 2272 938 II,
2303 863 2375 924 T.
2418 861 2478 940 6,
2512 862 2649 941 Pr.)

612 965 922 1027 «Donatio
962 965 1132 1026 dicta
1173 971 1268 1026 est
1309 982 1347 1026 a
1395 965 1561 1027 dono
1604 967 1789 1045 quasi
1834 967 1999 1030 dono
2044 967 2266 1051 datum
2306 989 2319 1029 ε
2370 968 2581 1048 Rapta
2617 986 2657 1029 a

527 1071 789 1144 Graec03
829 1089 986 1132 nam
1011 1071 1080 1132 hi
1110 1070 1331 1133 dicunt
1369 1071 1565 1151 δῶρον,
1605 1071 1700 1132 καὶ
1731 1072 2047 1153 δῶρεῖσθαι,
2087 1075 2154 1136 id
2192 1083 2287 1136 est
2323 1076 2570 1139 donum
2596 1083 2659 1138 et

526 1177 798 1239 donare»
835 1174 931 1254 (L.
963 1173 1042 1237 35
1079 1177 1108 1252 Ξ
1140 1175 1194 1250 1,
1230 1175 1307 1235 D.
1352 1175 1425 1236 L.
1460 1173 1569 1251 39,
1610 1176 1683 1236 T.
1725 1174 1809 1256 6).
1864 1176 2155 1239 Breviter
2176 1179 2375 1257 igitur
2400 1178 2660 1241 definiri

413 1329 430 1346 .
525 1291 727 1362 potest
755 1282 1010 1345 donatio
1039 1282 1202 1343 sicut
1238 1281 1327 1342 ait
1355 1281 1655 1346 Perezius
1676 1329 1691 1357 ,
1732 1282 1880 1345 doni
1908 1283 2096 1351 datio.
2132 1284 2375 1347 Paulus
2402 1302 2660 1366 quoque

524 1390 596 1451 in
627 1388 766 1468 lege
796 1389 1166 1469 supradicta
1185 1435 1200 1464 ,
1243 1386 1566 1466 duplicem
1593 1387 1953 1452 donationis
1990 1389 2528 1470 significationem
2554 1392 2662 1452 in-

525 1496 735 1557 dicat:
791 1497 954 1556 datio
999 1492 1102 1556 vel
1147 1495 1386 1555 factum
1429 1511 1557 1573 quo
1603 1493 1962 1556 dominium
2007 1497 2412 1572 transfertur,
2468 1504 2663 1575 atque

527 1603 757 1663 donum
785 1599 886 1662 vel
911 1598 1262 1662 liberalitas
1283 1600 1383 1662 cui
1403 1599 1569 1662 inest
1587 1601 1985 1680 praecipuum
2002 1601 2199 1682 hujus
2219 1601 2661 1665 translationis

525 1709 805 1787 signum.

604 1814 981 1878 Donationis
1025 1814 1294 1875 verbum
1309 1862 1324 1890 ,
1372 1820 1445 1874 ut
1480 1812 1852 1892 simpliciori
1890 1812 2137 1893 eloquio
2164 1821 2310 1876 utar
2324 1863 2338 1891 ,
2390 1796 2657 1878 omnem

527 1923 935 1986 donationem
975 1920 1529 2000 comprehendisse
1557 1921 1812 1982 videtur
1850 1941 1863 1980 ε
1918 1930 2067 1982 sunt
2112 1938 2263 1983 vero
2306 1922 2436 1984 duo
2478 1918 2657 1982 velut

525 2047 782 2093 summa
811 2028 1230 2090 donationum
1256 2044 1522 2105 genera,
1567 2045 1722 2088 nam
1750 2034 1861 2089 aut
1886 2027 2055 2088 inter
2081 2028 2259 2091 vivos
2288 2036 2402 2092 aut
2429 2026 2656 2090 mortis

525 2153 719 2198 causa
739 2135 1016 2196 donatur
1057 2133 1282 2214 (Inst.,
1324 2132 1434 2194 Pr.
1467 2133 1533 2193 h.
1566 2141 1637 2208 t.;
1672 2133 1744 2194 L.
1787 2131 1865 2194 67
1903 2136 1932 2211 Ξ
1966 2133 2021 2210 1,
2053 2135 2134 2194 D.
2169 2134 2241 2195 L.
2276 2133 2376 2211 50,
2408 2136 2482 2196 T.
2531 2131 2652 2211 16).

526 2244 624 2305 De
652 2261 779 2322 quo
797 2240 996 2304 altero
1025 2248 1241 2302 autem
1268 2257 1501 2318 genere
1527 2238 1633 2302 hio
1658 2238 1843 2302 nobis
1869 2257 2002 2302 non
2027 2239 2479 2320 exponendum
2507 2237 2652 2311 erit,

526 2350 637 2411 sed
666 2351 835 2410 inter
858 2349 1038 2409 vivos
1064 2347 1482 2409 donationum
1518 2363 1718 2425 genus
1753 2331 1937 2410 nobis
1966 2345 2177 2407 solum
2203 2354 2515 2426 superest.

604 2454 922 2517 Acerrimi
949 2469 1159 2514 mores
1188 2467 1263 2514 ac
1287 2449 1457 2530 leges
1495 2451 1779 2528 primum
1804 2451 2065 2513 fuerunt
2090 2467 2243 2528 erga
2282 2451 2455 2513 inter
2480 2451 2659 2511 vivos

525 2560 941 2624 liberalitates
958 2607 972 2635 ,
1005 2565 1068 2620 et
1115 2575 1224 2620 eas
1271 2555 1493 2618 multis
1540 2555 2015 2619 difficultatibus
2070 2556 2653 2622 circumdederunt.

527 2666 568 2727 J
568 2664 952 2739 u'stinianuS,
974 2662 1082 2723 via
1107 2678 1302 2740 quam
1320 2660 1668 2739 prudentes
1696 2647 1950 2738 semper
1968 2660 2173 2722 secuti
2198 2669 2385 2724 erant
2411 2658 2653 2731 relicta,

528 2771 846 2836 faciliores
902 2768 1108 2831 effecit
1158 2767 1531 2831 donationes
1578 2783 1723 2847 quae
1766 2772 1984 2851 postea
2023 2765 2189 2829 nihil
2224 2768 2491 2831 fuerunt
2533 2761 2659 2826 nisi

527 2875 980 2940 conventiones
1014 2871 1314 2953 legitimae
1335 2919 1350 2947 ,
1399 2870 1468 2932 id
1495 2878 1589 2933 est
1614 2888 1762 2951 quae
1790 2870 2235 2933 constitutione
2264 2870 2485 2953 aliqua
2510 2882 2661 2931 con-

527 2984 890 3045 firmantur.

606 3090 788 3151 Inter
826 3088 1006 3150 vivos
1057 3086 1250 3148 etiam
1295 3085 1656 3148 donationis
1698 3085 1931 3173 duplex
1972 3086 2167 3147 statui
2208 3084 2369 3148 solet
2408 3084 2651 3147 forma:

531 3195 730 3258 altera
759 3194 1088 3273 simpliciS,
1119 3200 1192 3255 ut
1220 3193 1461 3269 dicunt,
1492 3192 1694 3255 altera
1718 3193 1879 3272 ejuS,
1901 3209 2046 3271 quae
2074 3208 2113 3253 a
2142 3198 2449 3254 consueta
2469 3188 2661 3249 dona-

511 3305 720 3368 ,tionis
749 3311 980 3365 natura
1007 3300 1409 3380 aliquantum
1445 3300 1717 3375 recedit,
1760 3305 1873 3359 aut
1900 3315 2005 3375 eo,
2044 3298 2214 3378 quod
2250 3294 2531 3360 conditio
2558 3287 2663 3351 vel

529 3410 756 3472 modus
783 3410 952 3471 inest
978 3407 1338 3481 donationi,
1383 3414 1494 3469 aut
1518 3406 1687 3485 quod
1726 3401 2188 3469 remunerandi
2224 3421 2420 3467 causa
2447 3404 2521 3464 fit
2542 3400 2659 3461 do·-

531 3518 724 3579 nati0.
761 3515 982 3579 Solum
1008 3514 1272 3593 quidem
1301 3513 1379 3573 de
1410 3511 1685 3591 simplici
1711 3512 2088 3574 videbimus

1383 3778 1670 3840 CAPUT
1698 3778 1790 3839 II.

919 3964 1338 4061 Quomodo
1371 3964 1557 4028 fieri
1582 3964 1851 4044 possit
1878 3964 2209 4030 donatio
2226 3965 2270 4028 ’ἒ

612 4158 842 4220 Vetere
859 4154 928 4215 in
942 4154 1088 4233 jure
1115 4168 1246 4213 non
1273 4156 1459 4211 erant
1495 4150 1850 4229 singulares
1878 4152 2098 4215 formae
2125 4148 2485 4223 donationi,
2516 4154 2663 4221 quae

537 4261 865 4327 communi
894 4259 1387 4321 conventionum
1400 4257 1535 4335 juri
1560 4256 2035 4336 subjiciebatur.
2061 4260 2315 4323 Poterat
2337 4257 2564 4335 igitur,
2592 4250 2665 4305 ut
